location,relative_path,full_path,filename,size_bytes,size_kb,total_lines,code_lines,last_modified,md5_hash
GitHub,generate_intelligent_report.py,/Users/steven/GitHub/generate_intelligent_report.py,generate_intelligent_report.py,10188,9.95,267,195,2025-12-26T08:11:09.716385,ec3f87e13ca94208d29e8fb9ef866f4e
GitHub,intelligent_organizer.py,/Users/steven/GitHub/intelligent_organizer.py,intelligent_organizer.py,27728,27.08,738,570,2025-12-26T08:10:11.855927,ab1d7cd025b5ba8063ae766fa7645e4d
GitHub,main.py,/Users/steven/GitHub/main.py,main.py,1239,1.21,39,30,2025-12-26T07:28:29.678139,b811829380a17d637d6f20731d21d5e8
GitHub,01_core_ai_analysis/__init__.py,/Users/steven/GitHub/01_core_ai_analysis/__init__.py,__init__.py,0,0.0,0,0,2025-12-26T07:32:08.619238,d41d8cd98f00b204e9800998ecf8427e
GitHub,04_content_creation/__init__.py,/Users/steven/GitHub/04_content_creation/__init__.py,__init__.py,0,0.0,0,0,2025-12-26T07:32:08.619751,d41d8cd98f00b204e9800998ecf8427e
GitHub,Dir2md-main/app.py,/Users/steven/GitHub/Dir2md-main/app.py,app.py,419,0.41,14,11,2025-12-04T10:46:54,5225547d6664ad642d72058a2476ae94
GitHub,n8n/main.py,/Users/steven/GitHub/n8n/main.py,main.py,81,0.08,6,4,2025-11-29T07:37:37.815444,dc65950b2c1fea413ccacd441f0db627
GitHub,02_media_processing/run.py,/Users/steven/GitHub/02_media_processing/run.py,run.py,7794,7.61,263,184,2025-11-01T03:04:34.221145,bc5f3e47d3249bd3eafcddbb78a44a61
GitHub,02_media_processing/config.py,/Users/steven/GitHub/02_media_processing/config.py,config.py,7934,7.75,251,182,2025-11-01T03:04:33.967198,81278ae0c043b9191148981d839e03a1
GitHub,02_media_processing/organize_albums.py,/Users/steven/GitHub/02_media_processing/organize_albums.py,organize_albums.py,6618,6.46,242,179,2025-11-01T03:04:34.219712,d5a91f7659d9c6f10ce209892994da66
GitHub,02_media_processing/upload.py,/Users/steven/GitHub/02_media_processing/upload.py,upload.py,9412,9.19,369,277,2025-11-01T03:04:34.223518,747280072f829123900a111ee8e924e5
GitHub,02_media_processing/organize.py,/Users/steven/GitHub/02_media_processing/organize.py,organize.py,5746,5.61,195,136,2025-11-01T03:04:34.217209,c19d5095f77ace17f4b42c320ef566d0
GitHub,02_media_processing/__init__.py,/Users/steven/GitHub/02_media_processing/__init__.py,__init__.py,5058,4.94,205,153,2025-11-01T03:04:33.941103,a1a2dd5a8f382b1e56d19c10a376b128
GitHub,02_media_processing/copy.py,/Users/steven/GitHub/02_media_processing/copy.py,copy.py,7956,7.77,257,196,2025-11-01T03:04:33.968825,72f16cfcaf80d80dfb65a7eb0c10305f
GitHub,02_media_processing/setup.py,/Users/steven/GitHub/02_media_processing/setup.py,setup.py,5011,4.89,186,139,2025-11-01T03:04:34.222118,69ba59d6c0c0f75d23fe6084ef950810
GitHub,02_media_processing/utils.py,/Users/steven/GitHub/02_media_processing/utils.py,utils.py,12586,12.29,448,349,2025-11-01T03:04:34.224381,0240dca8c4c0f9482cb02465200837ff
GitHub,02_media_processing/exceptions.py,/Users/steven/GitHub/02_media_processing/exceptions.py,exceptions.py,10916,10.66,388,329,2025-11-01T03:04:33.970043,7d7e23fc129a13e6ea6904f774f9def9
GitHub,02_media_processing/main.py,/Users/steven/GitHub/02_media_processing/main.py,main.py,14411,14.07,508,344,2025-11-01T03:04:34.214896,b5a37d8e913e2ece5d3f0a1b7e6167a8
GitHub,02_media_processing/captions_for_medias.py,/Users/steven/GitHub/02_media_processing/captions_for_medias.py,captions_for_medias.py,4757,4.65,171,124,2025-11-01T03:04:33.965836,a3e067602471d45ae3f2927e1c6edd27
GitHub,06_development_tools/__init__.py,/Users/steven/GitHub/06_development_tools/__init__.py,__init__.py,0,0.0,0,0,2025-12-26T07:32:08.618856,d41d8cd98f00b204e9800998ecf8427e
GitHub,08_archived/__init__.py,/Users/steven/GitHub/08_archived/__init__.py,__init__.py,0,0.0,0,0,2025-12-26T07:32:08.620840,d41d8cd98f00b204e9800998ecf8427e
GitHub,03_automation_platforms/proxy_harvester.py,/Users/steven/GitHub/03_automation_platforms/proxy_harvester.py,proxy_harvester.py,13451,13.14,409,336,2025-11-01T03:04:35.786816,3475c6b12996954fd8c0efc967c7fb7b
GitHub,03_automation_platforms/config.py,/Users/steven/GitHub/03_automation_platforms/config.py,config.py,6028,5.89,208,155,2025-11-01T03:04:35.783813,7dbb1431d8a2318ea6a5294c4dd64b68
GitHub,03_automation_platforms/__init__.py,/Users/steven/GitHub/03_automation_platforms/__init__.py,__init__.py,0,0.0,0,0,2025-12-26T07:32:08.619459,d41d8cd98f00b204e9800998ecf8427e
GitHub,03_automation_platforms/about.py,/Users/steven/GitHub/03_automation_platforms/about.py,about.py,5691,5.56,208,159,2025-11-01T03:04:35.735836,07ad07c8c9fc3d59959d3e3b497b9531
GitHub,03_automation_platforms/logo.py,/Users/steven/GitHub/03_automation_platforms/logo.py,logo.py,7816,7.63,195,143,2025-11-01T03:04:35.785084,fdfb8ea22064bdbb671eaadac58b6890
GitHub,03_automation_platforms/utils.py,/Users/steven/GitHub/03_automation_platforms/utils.py,utils.py,6212,6.07,218,171,2025-11-01T03:04:35.800031,7a60d77fe564a4886ac3e230345674f5
GitHub,07_experimental/__init__.py,/Users/steven/GitHub/07_experimental/__init__.py,__init__.py,0,0.0,0,0,2025-12-26T07:32:08.620478,d41d8cd98f00b204e9800998ecf8427e
GitHub,05_data_management/__init__.py,/Users/steven/GitHub/05_data_management/__init__.py,__init__.py,0,0.0,0,0,2025-12-26T07:32:08.615569,d41d8cd98f00b204e9800998ecf8427e
GitHub,00_shared_libraries/__init__.py,/Users/steven/GitHub/00_shared_libraries/__init__.py,__init__.py,0,0.0,0,0,2025-12-26T07:32:08.577064,d41d8cd98f00b204e9800998ecf8427e
GitHub,09_documentation/__init__.py,/Users/steven/GitHub/09_documentation/__init__.py,__init__.py,0,0.0,0,0,2025-12-26T07:32:08.621128,d41d8cd98f00b204e9800998ecf8427e
GitHub,gorilla/berkeley-function-call-leaderboard/openfunctions_evaluation.py,/Users/steven/GitHub/gorilla/berkeley-function-call-leaderboard/openfunctions_evaluation.py,openfunctions_evaluation.py,498,0.49,11,6,2025-12-28T15:49:58.189571,515c7a1b8c8b7c7fabeac08b67f5b597
GitHub,gorilla/openfunctions/inference_local.py,/Users/steven/GitHub/gorilla/openfunctions/inference_local.py,inference_local.py,4579,4.47,111,84,2025-12-28T15:49:58.640753,5bf7eb6f89282a9b7107ca9274e25f5f
GitHub,gorilla/openfunctions/openfunctions_utils.py,/Users/steven/GitHub/gorilla/openfunctions/openfunctions_utils.py,openfunctions_utils.py,1444,1.41,36,31,2025-12-28T15:49:58.770946,554fc8f02fafdf582f0d5f251ef1e5a1
GitHub,gorilla/openfunctions/inference_hosted.py,/Users/steven/GitHub/gorilla/openfunctions/inference_hosted.py,inference_hosted.py,1840,1.8,51,43,2025-12-28T15:49:58.640450,3d64b109cc51fcfcf35dfe7012fd02b1
GitHub,gorilla/goex/server.py,/Users/steven/GitHub/gorilla/goex/server.py,server.py,8668,8.46,200,159,2025-12-28T15:49:58.418224,afa52cb303fdef6c892c2a52e2556462
GitHub,gorilla/goex/__init__.py,/Users/steven/GitHub/gorilla/goex/__init__.py,__init__.py,22,0.02,1,1,2025-12-28T15:49:58.405542,df26cc2060155d4dfa5a0242de08af5b
GitHub,gorilla/goex/setup.py,/Users/steven/GitHub/gorilla/goex/setup.py,setup.py,1613,1.58,46,27,2025-12-28T15:49:58.418364,deaf688e8f966955b24b5789b8eb2d80
GitHub,gorilla/goex/cli.py,/Users/steven/GitHub/gorilla/goex/cli.py,cli.py,15315,14.96,380,318,2025-12-28T15:49:58.408651,a543c6c1864e8e233edf01a1eb45d94c
GitHub,gorilla/goex/examples.py,/Users/steven/GitHub/gorilla/goex/examples.py,examples.py,11057,10.8,329,216,2025-12-28T15:49:58.411883,3e184c975f7c9b5258b74c7cf06e3b1d
GitHub,gorilla/goex/main.py,/Users/steven/GitHub/gorilla/goex/main.py,main.py,11975,11.69,278,207,2025-12-28T15:49:58.417837,ca5f0ff2d1096050aa1ed1b1bcae1780
GitHub,gorilla/raft/raft_local.py,/Users/steven/GitHub/gorilla/raft/raft_local.py,raft_local.py,10423,10.18,279,208,2025-12-28T15:49:58.837523,87f18ff1d24ca695037c02a7d243b560
GitHub,gorilla/raft/client_utils.py,/Users/steven/GitHub/gorilla/raft/client_utils.py,client_utils.py,5607,5.48,156,135,2025-12-28T15:49:58.834767,823c3e5c4c61b8a2ccc9f0bc4bd7748f
GitHub,gorilla/raft/logconf.py,/Users/steven/GitHub/gorilla/raft/logconf.py,logconf.py,1140,1.11,38,28,2025-12-28T15:49:58.835861,3ad4a0b79f4ababd8eeb603a07bd7f72
GitHub,gorilla/raft/env_config.py,/Users/steven/GitHub/gorilla/raft/env_config.py,env_config.py,2746,2.68,85,72,2025-12-28T15:49:58.834972,feb5f1171b2e9d5d75d1b8680fc156b5
GitHub,gorilla/raft/format.py,/Users/steven/GitHub/gorilla/raft/format.py,format.py,10124,9.89,230,188,2025-12-28T15:49:58.835663,24450e6ddf16797525fbda55a6ea2828
GitHub,gorilla/raft/eval.py,/Users/steven/GitHub/gorilla/raft/eval.py,eval.py,6317,6.17,163,129,2025-12-28T15:49:58.835271,4ae94f6aee4b47c5713fa271d4bd5fda
GitHub,gorilla/raft/raft.py,/Users/steven/GitHub/gorilla/raft/raft.py,raft.py,29343,28.66,606,488,2025-12-28T15:49:58.836718,04072744c7517147d17230a9d901c12f
GitHub,gorilla/raft/checkpointing.py,/Users/steven/GitHub/gorilla/raft/checkpointing.py,checkpointing.py,2490,2.43,77,61,2025-12-28T15:49:58.834457,609f4a35981edab11b4eca3c80e55eb3
GitHub,gorilla/berkeley-function-call-leaderboard/bfcl_eval/__init__.py,/Users/steven/GitHub/gorilla/berkeley-function-call-leaderboard/bfcl_eval/__init__.py,__init__.py,0,0.0,0,0,2025-12-28T15:49:58.107588,d41d8cd98f00b204e9800998ecf8427e
GitHub,gorilla/berkeley-function-call-leaderboard/bfcl_eval/utils.py,/Users/steven/GitHub/gorilla/berkeley-function-call-leaderboard/bfcl_eval/utils.py,utils.py,36012,35.17,964,707,2025-12-28T15:49:58.189414,c0ebff97759ef6d21350b26ae4cbf343
GitHub,gorilla/berkeley-function-call-leaderboard/bfcl_eval/_llm_response_generation.py,/Users/steven/GitHub/gorilla/berkeley-function-call-leaderboard/bfcl_eval/_llm_response_generation.py,_llm_response_generation.py,16045,15.67,399,307,2025-12-28T15:49:58.108074,f83adad47a8a3740434643f5e1a8ec3a
GitHub,gorilla/berkeley-function-call-leaderboard/bfcl_eval/__main__.py,/Users/steven/GitHub/gorilla/berkeley-function-call-leaderboard/bfcl_eval/__main__.py,__main__.py,10661,10.41,320,283,2025-12-28T15:49:58.107838,22098281dfe1b9958f529e469d27e42a
GitHub,gorilla/berkeley-function-call-leaderboard/bfcl_eval/constants/executable_backend_config.py,/Users/steven/GitHub/gorilla/berkeley-function-call-leaderboard/bfcl_eval/constants/executable_backend_config.py,executable_backend_config.py,1939,1.89,46,38,2025-12-28T15:49:58.109095,2ca8c672d11e86f5bba39167cd51011a
GitHub,gorilla/berkeley-function-call-leaderboard/bfcl_eval/constants/enums.py,/Users/steven/GitHub/gorilla/berkeley-function-call-leaderboard/bfcl_eval/constants/enums.py,enums.py,896,0.88,41,35,2025-12-28T15:49:58.108821,b4d8cdef0b241d9ffc1c64a29c9f9c4a
GitHub,gorilla/berkeley-function-call-leaderboard/bfcl_eval/constants/model_config.py,/Users/steven/GitHub/gorilla/berkeley-function-call-leaderboard/bfcl_eval/constants/model_config.py,model_config.py,75634,73.86,2154,2120,2025-12-28T15:49:58.109383,480f4d5275fac52215c9be94ad59500e
GitHub,gorilla/berkeley-function-call-leaderboard/bfcl_eval/constants/__init__.py,/Users/steven/GitHub/gorilla/berkeley-function-call-leaderboard/bfcl_eval/constants/__init__.py,__init__.py,0,0.0,0,0,2025-12-28T15:49:58.108201,d41d8cd98f00b204e9800998ecf8427e
GitHub,gorilla/berkeley-function-call-leaderboard/bfcl_eval/constants/supported_models.py,/Users/steven/GitHub/gorilla/berkeley-function-call-leaderboard/bfcl_eval/constants/supported_models.py,supported_models.py,5996,5.86,184,170,2025-12-28T15:49:58.111085,d57e388cf616842a20e47333595d2332
GitHub,gorilla/berkeley-function-call-leaderboard/bfcl_eval/constants/eval_config.py,/Users/steven/GitHub/gorilla/berkeley-function-call-leaderboard/bfcl_eval/constants/eval_config.py,eval_config.py,1648,1.61,43,25,2025-12-28T15:49:58.108959,7c413979e951c5b9c16858052f1321e6
GitHub,gorilla/berkeley-function-call-leaderboard/bfcl_eval/constants/column_headers.py,/Users/steven/GitHub/gorilla/berkeley-function-call-leaderboard/bfcl_eval/constants/column_headers.py,column_headers.py,2095,2.05,99,91,2025-12-28T15:49:58.108467,39475502cfa7d46711d83a6b7d96b711
GitHub,gorilla/berkeley-function-call-leaderboard/bfcl_eval/constants/type_mappings.py,/Users/steven/GitHub/gorilla/berkeley-function-call-leaderboard/bfcl_eval/constants/type_mappings.py,type_mappings.py,1813,1.77,89,85,2025-12-28T15:49:58.111436,de614a5251c2739d629d7d2c3b414aeb
GitHub,gorilla/berkeley-function-call-leaderboard/bfcl_eval/constants/category_mapping.py,/Users/steven/GitHub/gorilla/berkeley-function-call-leaderboard/bfcl_eval/constants/category_mapping.py,category_mapping.py,2049,2.0,90,74,2025-12-28T15:49:58.108328,99126ae87de006b16f5573371586f1db
GitHub,gorilla/berkeley-function-call-leaderboard/bfcl_eval/constants/default_prompts.py,/Users/steven/GitHub/gorilla/berkeley-function-call-leaderboard/bfcl_eval/constants/default_prompts.py,default_prompts.py,9118,8.9,107,74,2025-12-28T15:49:58.108697,55a20e56cdada766dfd596760558b5af
GitHub,gorilla/berkeley-function-call-leaderboard/bfcl_eval/model_handler/__init__.py,/Users/steven/GitHub/gorilla/berkeley-function-call-leaderboard/bfcl_eval/model_handler/__init__.py,__init__.py,0,0.0,0,0,2025-12-28T15:49:58.175699,d41d8cd98f00b204e9800998ecf8427e
GitHub,gorilla/berkeley-function-call-leaderboard/bfcl_eval/model_handler/utils.py,/Users/steven/GitHub/gorilla/berkeley-function-call-leaderboard/bfcl_eval/model_handler/utils.py,utils.py,33694,32.9,921,717,2025-12-28T15:49:58.188042,3cb2dde7d31be173f2270db090165b52
GitHub,gorilla/berkeley-function-call-leaderboard/bfcl_eval/model_handler/base_handler.py,/Users/steven/GitHub/gorilla/berkeley-function-call-leaderboard/bfcl_eval/model_handler/base_handler.py,base_handler.py,43697,42.67,993,795,2025-12-28T15:49:58.180737,fbcdffc1ed2f4f30a43a48edf7b3a16d
GitHub,gorilla/berkeley-function-call-leaderboard/bfcl_eval/eval_checker/__init__.py,/Users/steven/GitHub/gorilla/berkeley-function-call-leaderboard/bfcl_eval/eval_checker/__init__.py,__init__.py,0,0.0,0,0,2025-12-28T15:49:58.168407,d41d8cd98f00b204e9800998ecf8427e
GitHub,gorilla/berkeley-function-call-leaderboard/bfcl_eval/eval_checker/eval_runner_helper.py,/Users/steven/GitHub/gorilla/berkeley-function-call-leaderboard/bfcl_eval/eval_checker/eval_runner_helper.py,eval_runner_helper.py,26497,25.88,696,559,2025-12-28T15:49:58.170192,ea1a031364faa5c4062498f10dccea5d
GitHub,gorilla/berkeley-function-call-leaderboard/bfcl_eval/eval_checker/eval_runner.py,/Users/steven/GitHub/gorilla/berkeley-function-call-leaderboard/bfcl_eval/eval_checker/eval_runner.py,eval_runner.py,32756,31.99,914,732,2025-12-28T15:49:58.169946,b4920e1438a0fb8bf895239734367c81
GitHub,gorilla/berkeley-function-call-leaderboard/bfcl_eval/scripts/check_func_doc_format.py,/Users/steven/GitHub/gorilla/berkeley-function-call-leaderboard/bfcl_eval/scripts/check_func_doc_format.py,check_func_doc_format.py,15831,15.46,423,331,2025-12-28T15:49:58.188598,df3fc2045116a4d6991727dc123ad648
GitHub,gorilla/berkeley-function-call-leaderboard/bfcl_eval/scripts/check_illegal_python_param_name.py,/Users/steven/GitHub/gorilla/berkeley-function-call-leaderboard/bfcl_eval/scripts/check_illegal_python_param_name.py,check_illegal_python_param_name.py,3212,3.14,72,63,2025-12-28T15:49:58.188726,3d39aac09b35a0c42351e706a989df44
GitHub,gorilla/berkeley-function-call-leaderboard/bfcl_eval/scripts/visualize_multi_turn_ground_truth_conversation.py,/Users/steven/GitHub/gorilla/berkeley-function-call-leaderboard/bfcl_eval/scripts/visualize_multi_turn_ground_truth_conversation.py,visualize_multi_turn_ground_truth_conversation.py,5296,5.17,138,120,2025-12-28T15:49:58.189052,1a4e4e2fe88cd6b6d9825bdb67892490
GitHub,gorilla/berkeley-function-call-leaderboard/bfcl_eval/scripts/_compile_helper.py,/Users/steven/GitHub/gorilla/berkeley-function-call-leaderboard/bfcl_eval/scripts/_compile_helper.py,_compile_helper.py,10018,9.78,249,206,2025-12-28T15:49:58.188373,97292e9e08bbe2c9bbaed7b4143308e0
GitHub,gorilla/berkeley-function-call-leaderboard/bfcl_eval/scripts/compile_multi_turn_func_doc.py,/Users/steven/GitHub/gorilla/berkeley-function-call-leaderboard/bfcl_eval/scripts/compile_multi_turn_func_doc.py,compile_multi_turn_func_doc.py,2851,2.78,50,40,2025-12-28T15:49:58.188861,f989a39706d338867d3704cb5cff1901
GitHub,gorilla/berkeley-function-call-leaderboard/bfcl_eval/model_handler/local_inference/bielik.py,/Users/steven/GitHub/gorilla/berkeley-function-call-leaderboard/bfcl_eval/model_handler/local_inference/bielik.py,bielik.py,1139,1.11,33,24,2025-12-28T15:49:58.181895,e9d902df4e75e16d1261c85cef4bbb45
GitHub,gorilla/berkeley-function-call-leaderboard/bfcl_eval/model_handler/local_inference/glm.py,/Users/steven/GitHub/gorilla/berkeley-function-call-leaderboard/bfcl_eval/model_handler/local_inference/glm.py,glm.py,5361,5.24,67,54,2025-12-28T15:49:58.182879,abc82a655437b4a475689136f5711e9c
GitHub,gorilla/berkeley-function-call-leaderboard/bfcl_eval/model_handler/local_inference/hammer.py,/Users/steven/GitHub/gorilla/berkeley-function-call-leaderboard/bfcl_eval/model_handler/local_inference/hammer.py,hammer.py,8931,8.72,164,135,2025-12-28T15:49:58.183796,a9917e3ed68d6666d74f9ed04e03a71f
GitHub,gorilla/berkeley-function-call-leaderboard/bfcl_eval/model_handler/local_inference/deepseek_reasoning.py,/Users/steven/GitHub/gorilla/berkeley-function-call-leaderboard/bfcl_eval/model_handler/local_inference/deepseek_reasoning.py,deepseek_reasoning.py,10213,9.97,181,150,2025-12-28T15:49:58.182391,0fd26c8a72faccaebb7183d8f9414598
GitHub,gorilla/berkeley-function-call-leaderboard/bfcl_eval/model_handler/local_inference/qwen_fc.py,/Users/steven/GitHub/gorilla/berkeley-function-call-leaderboard/bfcl_eval/model_handler/local_inference/qwen_fc.py,qwen_fc.py,13866,13.54,306,264,2025-12-28T15:49:58.186308,2d5f90ac38ffc710baae965ffd29510c
GitHub,gorilla/berkeley-function-call-leaderboard/bfcl_eval/model_handler/local_inference/phi_fc.py,/Users/steven/GitHub/gorilla/berkeley-function-call-leaderboard/bfcl_eval/model_handler/local_inference/phi_fc.py,phi_fc.py,9934,9.7,227,169,2025-12-28T15:49:58.185416,f4731ec32493565eb94b859c6e2fd5df
GitHub,gorilla/berkeley-function-call-leaderboard/bfcl_eval/model_handler/local_inference/falcon_fc.py,/Users/steven/GitHub/gorilla/berkeley-function-call-leaderboard/bfcl_eval/model_handler/local_inference/falcon_fc.py,falcon_fc.py,3646,3.56,95,76,2025-12-28T15:49:58.182527,368cf014cbea1074f6c6ceeb82ab8907
GitHub,gorilla/berkeley-function-call-leaderboard/bfcl_eval/model_handler/local_inference/base_oss_handler.py,/Users/steven/GitHub/gorilla/berkeley-function-call-leaderboard/bfcl_eval/model_handler/local_inference/base_oss_handler.py,base_oss_handler.py,15471,15.11,383,315,2025-12-28T15:49:58.181732,dc5a35addf93cd8f431bc5d0e8a4b44d
GitHub,gorilla/berkeley-function-call-leaderboard/bfcl_eval/model_handler/local_inference/granite_3.py,/Users/steven/GitHub/gorilla/berkeley-function-call-leaderboard/bfcl_eval/model_handler/local_inference/granite_3.py,granite_3.py,13720,13.4,292,234,2025-12-28T15:49:58.183316,503c7f54351571133c283cac5a2291c1
GitHub,gorilla/berkeley-function-call-leaderboard/bfcl_eval/model_handler/local_inference/bitagent.py,/Users/steven/GitHub/gorilla/berkeley-function-call-leaderboard/bfcl_eval/model_handler/local_inference/bitagent.py,bitagent.py,4553,4.45,108,85,2025-12-28T15:49:58.182137,b545226864e08135fa6d4003761fd24b
GitHub,gorilla/berkeley-function-call-leaderboard/bfcl_eval/model_handler/local_inference/salesforce_qwen.py,/Users/steven/GitHub/gorilla/berkeley-function-call-leaderboard/bfcl_eval/model_handler/local_inference/salesforce_qwen.py,salesforce_qwen.py,4887,4.77,114,91,2025-12-28T15:49:58.186799,33e4bdec4b381cb139980ba3fc818333
GitHub,gorilla/berkeley-function-call-leaderboard/bfcl_eval/model_handler/local_inference/arch.py,/Users/steven/GitHub/gorilla/berkeley-function-call-leaderboard/bfcl_eval/model_handler/local_inference/arch.py,arch.py,9426,9.21,209,182,2025-12-28T15:49:58.181498,a359be3f3ca27b5166e2ba2733473b31
GitHub,gorilla/berkeley-function-call-leaderboard/bfcl_eval/model_handler/local_inference/__init__.py,/Users/steven/GitHub/gorilla/berkeley-function-call-leaderboard/bfcl_eval/model_handler/local_inference/__init__.py,__init__.py,0,0.0,0,0,2025-12-28T15:49:58.181196,d41d8cd98f00b204e9800998ecf8427e
GitHub,gorilla/berkeley-function-call-leaderboard/bfcl_eval/model_handler/local_inference/minicpm.py,/Users/steven/GitHub/gorilla/berkeley-function-call-leaderboard/bfcl_eval/model_handler/local_inference/minicpm.py,minicpm.py,1011,0.99,31,25,2025-12-28T15:49:58.184299,26bb937f2de834ccaeb1b13c9eb51074
GitHub,gorilla/berkeley-function-call-leaderboard/bfcl_eval/model_handler/local_inference/llama.py,/Users/steven/GitHub/gorilla/berkeley-function-call-leaderboard/bfcl_eval/model_handler/local_inference/llama.py,llama.py,2637,2.58,66,51,2025-12-28T15:49:58.183959,a93ecb578235100bc9df0df1179c4249
GitHub,gorilla/berkeley-function-call-leaderboard/bfcl_eval/model_handler/local_inference/granite_4.py,/Users/steven/GitHub/gorilla/berkeley-function-call-leaderboard/bfcl_eval/model_handler/local_inference/granite_4.py,granite_4.py,16122,15.74,329,275,2025-12-28T15:49:58.183548,36a424ffcdb7d0b26412b0f6ff86c425
GitHub,gorilla/berkeley-function-call-leaderboard/bfcl_eval/model_handler/local_inference/qwen.py,/Users/steven/GitHub/gorilla/berkeley-function-call-leaderboard/bfcl_eval/model_handler/local_inference/qwen.py,qwen.py,9330,9.11,210,189,2025-12-28T15:49:58.185898,41087a9d1be3af34eee5c7afadfab9c0
GitHub,gorilla/berkeley-function-call-leaderboard/bfcl_eval/model_handler/local_inference/think_agent.py,/Users/steven/GitHub/gorilla/berkeley-function-call-leaderboard/bfcl_eval/model_handler/local_inference/think_agent.py,think_agent.py,7947,7.76,181,152,2025-12-28T15:49:58.186998,2bc8924b064006b5667b2f667a55787d
GitHub,gorilla/berkeley-function-call-leaderboard/bfcl_eval/model_handler/local_inference/minicpm_fc.py,/Users/steven/GitHub/gorilla/berkeley-function-call-leaderboard/bfcl_eval/model_handler/local_inference/minicpm_fc.py,minicpm_fc.py,20466,19.99,342,303,2025-12-28T15:49:58.184498,3c74e343ba2a887eac38621cf230fec4
GitHub,gorilla/berkeley-function-call-leaderboard/bfcl_eval/model_handler/local_inference/gemma.py,/Users/steven/GitHub/gorilla/berkeley-function-call-leaderboard/bfcl_eval/model_handler/local_inference/gemma.py,gemma.py,3808,3.72,69,56,2025-12-28T15:49:58.182668,26d686f50ef316c99687c5ac9f91316b
GitHub,gorilla/berkeley-function-call-leaderboard/bfcl_eval/model_handler/local_inference/mistral_fc.py,/Users/steven/GitHub/gorilla/berkeley-function-call-leaderboard/bfcl_eval/model_handler/local_inference/mistral_fc.py,mistral_fc.py,12772,12.47,302,261,2025-12-28T15:49:58.184752,24f403321e0506bc930fcdada49ba701
GitHub,gorilla/berkeley-function-call-leaderboard/bfcl_eval/model_handler/local_inference/granite.py,/Users/steven/GitHub/gorilla/berkeley-function-call-leaderboard/bfcl_eval/model_handler/local_inference/granite.py,granite.py,4451,4.35,112,87,2025-12-28T15:49:58.183076,91808f8c9fc4571f251a2106eabe5824
GitHub,gorilla/berkeley-function-call-leaderboard/bfcl_eval/model_handler/local_inference/quick_testing_oss.py,/Users/steven/GitHub/gorilla/berkeley-function-call-leaderboard/bfcl_eval/model_handler/local_inference/quick_testing_oss.py,quick_testing_oss.py,1074,1.05,31,25,2025-12-28T15:49:58.185570,4d8c16a065d447365c40b7028d17f380
GitHub,gorilla/berkeley-function-call-leaderboard/bfcl_eval/model_handler/local_inference/salesforce_llama.py,/Users/steven/GitHub/gorilla/berkeley-function-call-leaderboard/bfcl_eval/model_handler/local_inference/salesforce_llama.py,salesforce_llama.py,4942,4.83,111,89,2025-12-28T15:49:58.186591,a7b3c862ccddefb21c5271f235ea95e5
GitHub,gorilla/berkeley-function-call-leaderboard/bfcl_eval/model_handler/local_inference/nanbeige_fc.py,/Users/steven/GitHub/gorilla/berkeley-function-call-leaderboard/bfcl_eval/model_handler/local_inference/nanbeige_fc.py,nanbeige_fc.py,10088,9.85,220,177,2025-12-28T15:49:58.185008,373bb1ecb0ff82e5dce53980f7154047
GitHub,gorilla/berkeley-function-call-leaderboard/bfcl_eval/model_handler/local_inference/llama_3_1.py,/Users/steven/GitHub/gorilla/berkeley-function-call-leaderboard/bfcl_eval/model_handler/local_inference/llama_3_1.py,llama_3_1.py,11378,11.11,245,216,2025-12-28T15:49:58.184168,7de5c2bf59abc5c51bd0aef03d432d98
GitHub,gorilla/berkeley-function-call-leaderboard/bfcl_eval/model_handler/local_inference/phi.py,/Users/steven/GitHub/gorilla/berkeley-function-call-leaderboard/bfcl_eval/model_handler/local_inference/phi.py,phi.py,2714,2.65,56,46,2025-12-28T15:49:58.185120,6bbc4cefb78c9394682e10f1096135be
GitHub,gorilla/berkeley-function-call-leaderboard/bfcl_eval/model_handler/api_inference/glm.py,/Users/steven/GitHub/gorilla/berkeley-function-call-leaderboard/bfcl_eval/model_handler/api_inference/glm.py,glm.py,1484,1.45,50,41,2025-12-28T15:49:58.177305,cab5f0d906a778c0512ab7d48b8974ac
GitHub,gorilla/berkeley-function-call-leaderboard/bfcl_eval/model_handler/api_inference/gorilla.py,/Users/steven/GitHub/gorilla/berkeley-function-call-leaderboard/bfcl_eval/model_handler/api_inference/gorilla.py,gorilla.py,3984,3.89,118,97,2025-12-28T15:49:58.177612,9ed95f3cc2e58d42ecd81f5cd6c1f72a
GitHub,gorilla/berkeley-function-call-leaderboard/bfcl_eval/model_handler/api_inference/nvidia.py,/Users/steven/GitHub/gorilla/berkeley-function-call-leaderboard/bfcl_eval/model_handler/api_inference/nvidia.py,nvidia.py,1754,1.71,53,42,2025-12-28T15:49:58.179643,01a4e270e6527e6297a695543c505c71
GitHub,gorilla/berkeley-function-call-leaderboard/bfcl_eval/model_handler/api_inference/mistral.py,/Users/steven/GitHub/gorilla/berkeley-function-call-leaderboard/bfcl_eval/model_handler/api_inference/mistral.py,mistral.py,7573,7.4,215,179,2025-12-28T15:49:58.178525,764fcc927f545a85ad6a44cd43c4071f
GitHub,gorilla/berkeley-function-call-leaderboard/bfcl_eval/model_handler/api_inference/mining.py,/Users/steven/GitHub/gorilla/berkeley-function-call-leaderboard/bfcl_eval/model_handler/api_inference/mining.py,mining.py,4848,4.73,127,104,2025-12-28T15:49:58.178320,fb67397888018df54147b1b6e4d90fd2
GitHub,gorilla/berkeley-function-call-leaderboard/bfcl_eval/model_handler/api_inference/claude.py,/Users/steven/GitHub/gorilla/berkeley-function-call-leaderboard/bfcl_eval/model_handler/api_inference/claude.py,claude.py,13558,13.24,350,274,2025-12-28T15:49:58.176036,eb663c7a26f66f17a53c33e75c3fc8ab
GitHub,gorilla/berkeley-function-call-leaderboard/bfcl_eval/model_handler/api_inference/openai_completion.py,/Users/steven/GitHub/gorilla/berkeley-function-call-leaderboard/bfcl_eval/model_handler/api_inference/openai_completion.py,openai_completion.py,11291,11.03,297,239,2025-12-28T15:49:58.179897,666e8a53e4e43ba17196791cdff5828f
GitHub,gorilla/berkeley-function-call-leaderboard/bfcl_eval/model_handler/api_inference/novita.py,/Users/steven/GitHub/gorilla/berkeley-function-call-leaderboard/bfcl_eval/model_handler/api_inference/novita.py,novita.py,1747,1.71,58,46,2025-12-28T15:49:58.179469,15e37df6b7a10e2728f898abc85a6ae3
GitHub,gorilla/berkeley-function-call-leaderboard/bfcl_eval/model_handler/api_inference/grok.py,/Users/steven/GitHub/gorilla/berkeley-function-call-leaderboard/bfcl_eval/model_handler/api_inference/grok.py,grok.py,1156,1.13,36,31,2025-12-28T15:49:58.177740,1e199a2fa4dc3eb1d4c9201af1772e06
GitHub,gorilla/berkeley-function-call-leaderboard/bfcl_eval/model_handler/api_inference/__init__.py,/Users/steven/GitHub/gorilla/berkeley-function-call-leaderboard/bfcl_eval/model_handler/api_inference/__init__.py,__init__.py,0,0.0,0,0,2025-12-28T15:49:58.175827,d41d8cd98f00b204e9800998ecf8427e
GitHub,gorilla/berkeley-function-call-leaderboard/bfcl_eval/model_handler/api_inference/gemini.py,/Users/steven/GitHub/gorilla/berkeley-function-call-leaderboard/bfcl_eval/model_handler/api_inference/gemini.py,gemini.py,13183,12.87,361,297,2025-12-28T15:49:58.177134,663b7faf3b8f352919237bbfedaba930
GitHub,gorilla/berkeley-function-call-leaderboard/bfcl_eval/model_handler/api_inference/nemotron.py,/Users/steven/GitHub/gorilla/berkeley-function-call-leaderboard/bfcl_eval/model_handler/api_inference/nemotron.py,nemotron.py,4936,4.82,124,89,2025-12-28T15:49:58.178937,4831e0e3726cc764545854bbfd0e1b2b
GitHub,gorilla/berkeley-function-call-leaderboard/bfcl_eval/model_handler/api_inference/ling.py,/Users/steven/GitHub/gorilla/berkeley-function-call-leaderboard/bfcl_eval/model_handler/api_inference/ling.py,ling.py,2805,2.74,82,69,2025-12-28T15:49:58.178132,9b8a54407d61e81a2e1ec6c3314606cd
GitHub,gorilla/berkeley-function-call-leaderboard/bfcl_eval/model_handler/api_inference/nexus.py,/Users/steven/GitHub/gorilla/berkeley-function-call-leaderboard/bfcl_eval/model_handler/api_inference/nexus.py,nexus.py,7750,7.57,229,185,2025-12-28T15:49:58.179123,10a18f58b595d68c120128a2b04ed19b
GitHub,gorilla/berkeley-function-call-leaderboard/bfcl_eval/model_handler/api_inference/fireworks.py,/Users/steven/GitHub/gorilla/berkeley-function-call-leaderboard/bfcl_eval/model_handler/api_inference/fireworks.py,fireworks.py,4042,3.95,116,97,2025-12-28T15:49:58.176738,5dc68704605b6ad13bb254f1d5f18632
GitHub,gorilla/berkeley-function-call-leaderboard/bfcl_eval/model_handler/api_inference/qwen.py,/Users/steven/GitHub/gorilla/berkeley-function-call-leaderboard/bfcl_eval/model_handler/api_inference/qwen.py,qwen.py,12778,12.48,355,288,2025-12-28T15:49:58.180360,b0f4930840775678ec62ed4a7af1e015
GitHub,gorilla/berkeley-function-call-leaderboard/bfcl_eval/model_handler/api_inference/deepseek.py,/Users/steven/GitHub/gorilla/berkeley-function-call-leaderboard/bfcl_eval/model_handler/api_inference/deepseek.py,deepseek.py,5581,5.45,128,105,2025-12-28T15:49:58.176483,3eeda363dd37aa3e8ceff76683bb511c
GitHub,gorilla/berkeley-function-call-leaderboard/bfcl_eval/model_handler/api_inference/kimi.py,/Users/steven/GitHub/gorilla/berkeley-function-call-leaderboard/bfcl_eval/model_handler/api_inference/kimi.py,kimi.py,738,0.72,23,17,2025-12-28T15:49:58.177948,9d3d27e6c40d161b19a389f84da5cd50
GitHub,gorilla/berkeley-function-call-leaderboard/bfcl_eval/model_handler/api_inference/gogoagent.py,/Users/steven/GitHub/gorilla/berkeley-function-call-leaderboard/bfcl_eval/model_handler/api_inference/gogoagent.py,gogoagent.py,582,0.57,21,17,2025-12-28T15:49:58.177424,de3850770cb10053dd18558f1913809d
GitHub,gorilla/berkeley-function-call-leaderboard/bfcl_eval/model_handler/api_inference/functionary.py,/Users/steven/GitHub/gorilla/berkeley-function-call-leaderboard/bfcl_eval/model_handler/api_inference/functionary.py,functionary.py,707,0.69,19,15,2025-12-28T15:49:58.176876,0a8eb9c20e0db25c8ccf8f27fbe7d878
GitHub,gorilla/berkeley-function-call-leaderboard/bfcl_eval/model_handler/api_inference/writer.py,/Users/steven/GitHub/gorilla/berkeley-function-call-leaderboard/bfcl_eval/model_handler/api_inference/writer.py,writer.py,1441,1.41,46,38,2025-12-28T15:49:58.180485,f3546df64af2482e6d8aae98b03f6a82
GitHub,gorilla/berkeley-function-call-leaderboard/bfcl_eval/model_handler/api_inference/nanbeige.py,/Users/steven/GitHub/gorilla/berkeley-function-call-leaderboard/bfcl_eval/model_handler/api_inference/nanbeige.py,nanbeige.py,4298,4.2,117,99,2025-12-28T15:49:58.178723,7121b1eccd3ecff42e0a5d6e5719fcca
GitHub,gorilla/berkeley-function-call-leaderboard/bfcl_eval/model_handler/api_inference/openai_response.py,/Users/steven/GitHub/gorilla/berkeley-function-call-leaderboard/bfcl_eval/model_handler/api_inference/openai_response.py,openai_response.py,10792,10.54,307,236,2025-12-28T15:49:58.180142,a023b1be10a6189789b2c970902b86d9
GitHub,gorilla/berkeley-function-call-leaderboard/bfcl_eval/model_handler/api_inference/cohere.py,/Users/steven/GitHub/gorilla/berkeley-function-call-leaderboard/bfcl_eval/model_handler/api_inference/cohere.py,cohere.py,12771,12.47,319,284,2025-12-28T15:49:58.176280,eebceb3ebd2fb631beffbfcd74034e6c
GitHub,gorilla/berkeley-function-call-leaderboard/bfcl_eval/model_handler/api_inference/nova.py,/Users/steven/GitHub/gorilla/berkeley-function-call-leaderboard/bfcl_eval/model_handler/api_inference/nova.py,nova.py,6772,6.61,191,153,2025-12-28T15:49:58.179344,4d256fe1531fa1b12b003e5e06c8b1a7
GitHub,gorilla/berkeley-function-call-leaderboard/bfcl_eval/model_handler/api_inference/dm_cito.py,/Users/steven/GitHub/gorilla/berkeley-function-call-leaderboard/bfcl_eval/model_handler/api_inference/dm_cito.py,dm_cito.py,628,0.61,20,19,2025-12-28T15:49:58.176629,88ec187e398ad1b66c4162d3104d1b85
GitHub,gorilla/berkeley-function-call-leaderboard/bfcl_eval/model_handler/parser/js_parser.py,/Users/steven/GitHub/gorilla/berkeley-function-call-leaderboard/bfcl_eval/model_handler/parser/js_parser.py,js_parser.py,2735,2.67,63,51,2025-12-28T15:49:58.187499,c6614985e4edd792d9fc56d33336ea9a
GitHub,gorilla/berkeley-function-call-leaderboard/bfcl_eval/model_handler/parser/xml_parser.py,/Users/steven/GitHub/gorilla/berkeley-function-call-leaderboard/bfcl_eval/model_handler/parser/xml_parser.py,xml_parser.py,2027,1.98,71,56,2025-12-28T15:49:58.187742,bbb92a0a08da35568bfb54278f8cf538
GitHub,gorilla/berkeley-function-call-leaderboard/bfcl_eval/model_handler/parser/__init__.py,/Users/steven/GitHub/gorilla/berkeley-function-call-leaderboard/bfcl_eval/model_handler/parser/__init__.py,__init__.py,0,0.0,0,0,2025-12-28T15:49:58.187127,d41d8cd98f00b204e9800998ecf8427e
GitHub,gorilla/berkeley-function-call-leaderboard/bfcl_eval/model_handler/parser/java_parser.py,/Users/steven/GitHub/gorilla/berkeley-function-call-leaderboard/bfcl_eval/model_handler/parser/java_parser.py,java_parser.py,5510,5.38,135,113,2025-12-28T15:49:58.187354,6f9aeae4d0c197fa04f4c4c123554971
GitHub,gorilla/berkeley-function-call-leaderboard/bfcl_eval/model_handler/parser/json_parser.py,/Users/steven/GitHub/gorilla/berkeley-function-call-leaderboard/bfcl_eval/model_handler/parser/json_parser.py,json_parser.py,625,0.61,21,17,2025-12-28T15:49:58.187629,91dab2f7ab606674789402eb82bf1522
GitHub,gorilla/berkeley-function-call-leaderboard/bfcl_eval/eval_checker/multi_turn_eval/multi_turn_utils.py,/Users/steven/GitHub/gorilla/berkeley-function-call-leaderboard/bfcl_eval/eval_checker/multi_turn_eval/multi_turn_utils.py,multi_turn_utils.py,5233,5.11,146,107,2025-12-28T15:49:58.175558,45e04f3dc91f4de0f9310a2d892b63d6
GitHub,gorilla/berkeley-function-call-leaderboard/bfcl_eval/eval_checker/multi_turn_eval/__init__.py,/Users/steven/GitHub/gorilla/berkeley-function-call-leaderboard/bfcl_eval/eval_checker/multi_turn_eval/__init__.py,__init__.py,0,0.0,0,0,2025-12-28T15:49:58.170348,d41d8cd98f00b204e9800998ecf8427e
GitHub,gorilla/berkeley-function-call-leaderboard/bfcl_eval/eval_checker/multi_turn_eval/multi_turn_checker.py,/Users/steven/GitHub/gorilla/berkeley-function-call-leaderboard/bfcl_eval/eval_checker/multi_turn_eval/multi_turn_checker.py,multi_turn_checker.py,13592,13.27,314,237,2025-12-28T15:49:58.175331,1ad0ff24fd26effe2ca51a17acc32872
GitHub,gorilla/berkeley-function-call-leaderboard/bfcl_eval/eval_checker/agentic_eval/__init__.py,/Users/steven/GitHub/gorilla/berkeley-function-call-leaderboard/bfcl_eval/eval_checker/agentic_eval/__init__.py,__init__.py,0,0.0,0,0,2025-12-28T15:49:58.168533,d41d8cd98f00b204e9800998ecf8427e
GitHub,gorilla/berkeley-function-call-leaderboard/bfcl_eval/eval_checker/agentic_eval/agentic_checker.py,/Users/steven/GitHub/gorilla/berkeley-function-call-leaderboard/bfcl_eval/eval_checker/agentic_eval/agentic_checker.py,agentic_checker.py,1938,1.89,49,36,2025-12-28T15:49:58.168659,9c7e9012b595bb597f61fbb342dd79c8
GitHub,gorilla/berkeley-function-call-leaderboard/bfcl_eval/eval_checker/ast_eval/ast_checker.py,/Users/steven/GitHub/gorilla/berkeley-function-call-leaderboard/bfcl_eval/eval_checker/ast_eval/ast_checker.py,ast_checker.py,25032,24.45,646,483,2025-12-28T15:49:58.169005,050f1a55962a049f115e463ce0c2772c
GitHub,gorilla/berkeley-function-call-leaderboard/bfcl_eval/eval_checker/ast_eval/__init__.py,/Users/steven/GitHub/gorilla/berkeley-function-call-leaderboard/bfcl_eval/eval_checker/ast_eval/__init__.py,__init__.py,0,0.0,0,0,2025-12-28T15:49:58.168795,d41d8cd98f00b204e9800998ecf8427e
GitHub,gorilla/berkeley-function-call-leaderboard/bfcl_eval/eval_checker/multi_turn_eval/func_source_code/vehicle_control.py,/Users/steven/GitHub/gorilla/berkeley-function-call-leaderboard/bfcl_eval/eval_checker/multi_turn_eval/func_source_code/vehicle_control.py,vehicle_control.py,29559,28.87,703,654,2025-12-28T15:49:58.174807,9f6c845e14d889085b9e01aefe7b870c
GitHub,gorilla/berkeley-function-call-leaderboard/bfcl_eval/eval_checker/multi_turn_eval/func_source_code/message_api.py,/Users/steven/GitHub/gorilla/berkeley-function-call-leaderboard/bfcl_eval/eval_checker/multi_turn_eval/func_source_code/message_api.py,message_api.py,12534,12.24,320,276,2025-12-28T15:49:58.173444,65ec05ec9173283d9a61a29a9e648110
GitHub,gorilla/berkeley-function-call-leaderboard/bfcl_eval/eval_checker/multi_turn_eval/func_source_code/memory_vector.py,/Users/steven/GitHub/gorilla/berkeley-function-call-leaderboard/bfcl_eval/eval_checker/multi_turn_eval/func_source_code/memory_vector.py,memory_vector.py,12996,12.69,372,280,2025-12-28T15:49:58.173204,c1d9c1cb074d70017ae90f19235d36c6
GitHub,gorilla/berkeley-function-call-leaderboard/bfcl_eval/eval_checker/multi_turn_eval/func_source_code/trading_bot.py,/Users/steven/GitHub/gorilla/berkeley-function-call-leaderboard/bfcl_eval/eval_checker/multi_turn_eval/func_source_code/trading_bot.py,trading_bot.py,23795,23.24,683,584,2025-12-28T15:49:58.174244,8d70420cb30b5c71f38481b4fb52eb92
GitHub,gorilla/berkeley-function-call-leaderboard/bfcl_eval/eval_checker/multi_turn_eval/func_source_code/long_context.py,/Users/steven/GitHub/gorilla/berkeley-function-call-leaderboard/bfcl_eval/eval_checker/multi_turn_eval/func_source_code/long_context.py,long_context.py,190330,185.87,408,396,2025-12-28T15:49:58.172022,d42fd5dba63405cc9341915c713cfa6a
GitHub,gorilla/berkeley-function-call-leaderboard/bfcl_eval/eval_checker/multi_turn_eval/func_source_code/travel_booking.py,/Users/steven/GitHub/gorilla/berkeley-function-call-leaderboard/bfcl_eval/eval_checker/multi_turn_eval/func_source_code/travel_booking.py,travel_booking.py,36647,35.79,923,839,2025-12-28T15:49:58.174547,5faff3153c8b2c1e570e540762cff23e
GitHub,gorilla/berkeley-function-call-leaderboard/bfcl_eval/eval_checker/multi_turn_eval/func_source_code/__init__.py,/Users/steven/GitHub/gorilla/berkeley-function-call-leaderboard/bfcl_eval/eval_checker/multi_turn_eval/func_source_code/__init__.py,__init__.py,0,0.0,0,0,2025-12-28T15:49:58.170482,d41d8cd98f00b204e9800998ecf8427e
GitHub,gorilla/berkeley-function-call-leaderboard/bfcl_eval/eval_checker/multi_turn_eval/func_source_code/posting_api.py,/Users/steven/GitHub/gorilla/berkeley-function-call-leaderboard/bfcl_eval/eval_checker/multi_turn_eval/func_source_code/posting_api.py,posting_api.py,12537,12.24,313,262,2025-12-28T15:49:58.173690,5c08d98c9b9821f89d4925d135e18e5f
GitHub,gorilla/berkeley-function-call-leaderboard/bfcl_eval/eval_checker/multi_turn_eval/func_source_code/ticket_api.py,/Users/steven/GitHub/gorilla/berkeley-function-call-leaderboard/bfcl_eval/eval_checker/multi_turn_eval/func_source_code/ticket_api.py,ticket_api.py,9677,9.45,265,221,2025-12-28T15:49:58.173948,1646fec665f29461226c2207410ffd29
GitHub,gorilla/berkeley-function-call-leaderboard/bfcl_eval/eval_checker/multi_turn_eval/func_source_code/math_api.py,/Users/steven/GitHub/gorilla/berkeley-function-call-leaderboard/bfcl_eval/eval_checker/multi_turn_eval/func_source_code/math_api.py,math_api.py,12252,11.96,373,301,2025-12-28T15:49:58.172393,3d794d7d788d1ba5ca8d4862e855d842
GitHub,gorilla/berkeley-function-call-leaderboard/bfcl_eval/eval_checker/multi_turn_eval/func_source_code/memory_api_metaclass.py,/Users/steven/GitHub/gorilla/berkeley-function-call-leaderboard/bfcl_eval/eval_checker/multi_turn_eval/func_source_code/memory_api_metaclass.py,memory_api_metaclass.py,3200,3.12,88,64,2025-12-28T15:49:58.172542,32b39a772f1ae4e9b9020d007bf56c69
GitHub,gorilla/berkeley-function-call-leaderboard/bfcl_eval/eval_checker/multi_turn_eval/func_source_code/gorilla_file_system.py,/Users/steven/GitHub/gorilla/berkeley-function-call-leaderboard/bfcl_eval/eval_checker/multi_turn_eval/func_source_code/gorilla_file_system.py,gorilla_file_system.py,32759,31.99,834,670,2025-12-28T15:49:58.170681,2e3488472ae429203a5a9395a70224c0
GitHub,gorilla/berkeley-function-call-leaderboard/bfcl_eval/eval_checker/multi_turn_eval/func_source_code/web_search.py,/Users/steven/GitHub/gorilla/berkeley-function-call-leaderboard/bfcl_eval/eval_checker/multi_turn_eval/func_source_code/web_search.py,web_search.py,12578,12.28,299,251,2025-12-28T15:49:58.175091,978ff36aba870a4880d231fb95004ca7
GitHub,gorilla/berkeley-function-call-leaderboard/bfcl_eval/eval_checker/multi_turn_eval/func_source_code/memory_rec_sum.py,/Users/steven/GitHub/gorilla/berkeley-function-call-leaderboard/bfcl_eval/eval_checker/multi_turn_eval/func_source_code/memory_rec_sum.py,memory_rec_sum.py,4824,4.71,147,113,2025-12-28T15:49:58.172984,45884ef6ade8d586f411f0a10443d6de
GitHub,gorilla/berkeley-function-call-leaderboard/bfcl_eval/eval_checker/multi_turn_eval/func_source_code/memory_kv.py,/Users/steven/GitHub/gorilla/berkeley-function-call-leaderboard/bfcl_eval/eval_checker/multi_turn_eval/func_source_code/memory_kv.py,memory_kv.py,12803,12.5,334,268,2025-12-28T15:49:58.172751,d30af7f020901c0782a6ea779e73b146
GitHub,gorilla/berkeley-function-call-leaderboard/bfcl_eval/eval_checker/ast_eval/type_convertor/__init__.py,/Users/steven/GitHub/gorilla/berkeley-function-call-leaderboard/bfcl_eval/eval_checker/ast_eval/type_convertor/__init__.py,__init__.py,0,0.0,0,0,2025-12-28T15:49:58.169147,d41d8cd98f00b204e9800998ecf8427e
GitHub,gorilla/berkeley-function-call-leaderboard/bfcl_eval/eval_checker/ast_eval/type_convertor/java_type_converter.py,/Users/steven/GitHub/gorilla/berkeley-function-call-leaderboard/bfcl_eval/eval_checker/ast_eval/type_convertor/java_type_converter.py,java_type_converter.py,15716,15.35,407,341,2025-12-28T15:49:58.169400,290824394f5e0fc0dbbf1fbbb82097fe
GitHub,gorilla/berkeley-function-call-leaderboard/bfcl_eval/eval_checker/ast_eval/type_convertor/js_type_converter.py,/Users/steven/GitHub/gorilla/berkeley-function-call-leaderboard/bfcl_eval/eval_checker/ast_eval/type_convertor/js_type_converter.py,js_type_converter.py,11706,11.43,311,248,2025-12-28T15:49:58.169673,29370725bb9ed851f5558766997ed224
GitHub,gorilla/gorilla/inference/gorilla_eval.py,/Users/steven/GitHub/gorilla/gorilla/inference/gorilla_eval.py,gorilla_eval.py,5764,5.63,190,154,2025-12-28T15:49:58.554562,7ac9cbbffc7eb465d4bf6605025c7d50
GitHub,gorilla/gorilla/inference/apply_delta.py,/Users/steven/GitHub/gorilla/gorilla/inference/apply_delta.py,apply_delta.py,6076,5.93,167,135,2025-12-28T15:49:58.553632,7354e3048f197a8b1fae62d4ca371543
GitHub,gorilla/gorilla/eval/get_llm_responses.py,/Users/steven/GitHub/gorilla/gorilla/eval/get_llm_responses.py,get_llm_responses.py,10206,9.97,184,147,2025-12-28T15:49:58.550798,343d4635c04d3934328f7fea4a27c83b
GitHub,gorilla/gorilla/eval/get_llm_responses_retriever.py,/Users/steven/GitHub/gorilla/gorilla/eval/get_llm_responses_retriever.py,get_llm_responses_retriever.py,9933,9.7,165,136,2025-12-28T15:49:58.551179,d3313b49412c81f7a66b8ddd23acab16
GitHub,gorilla/gorilla/inference/serve/conv_template.py,/Users/steven/GitHub/gorilla/gorilla/inference/serve/conv_template.py,conv_template.py,8723,8.52,257,217,2025-12-28T15:49:58.639065,2679003b92621246bb33b6083874402d
GitHub,gorilla/gorilla/inference/serve/gorilla_cli.py,/Users/steven/GitHub/gorilla/gorilla/inference/serve/gorilla_cli.py,gorilla_cli.py,9091,8.88,306,263,2025-12-28T15:49:58.639383,012656ed4b4311aae1544bf095eddacb
GitHub,gorilla/gorilla/inference/serve/gorilla_falcon_cli.py,/Users/steven/GitHub/gorilla/gorilla/inference/serve/gorilla_falcon_cli.py,gorilla_falcon_cli.py,6968,6.8,238,205,2025-12-28T15:49:58.639693,e3bf649a47f18c26b13b6814ad6038c5
GitHub,gorilla/gorilla/eval/retrievers/bm25.py,/Users/steven/GitHub/gorilla/gorilla/eval/retrievers/bm25.py,bm25.py,937,0.92,30,23,2025-12-28T15:49:58.551703,451491f714f2217c51e022c2eba1f975
GitHub,gorilla/gorilla/eval/retrievers/__init__.py,/Users/steven/GitHub/gorilla/gorilla/eval/retrievers/__init__.py,__init__.py,139,0.14,7,6,2025-12-28T15:49:58.551442,89936b1e4f485a783c6f3bd6f0fd06be
GitHub,gorilla/gorilla/eval/retrievers/build_json_index.py,/Users/steven/GitHub/gorilla/gorilla/eval/retrievers/build_json_index.py,build_json_index.py,1641,1.6,45,28,2025-12-28T15:49:58.551949,b0688bcdbf8d8030e3c115a644a4b371
GitHub,gorilla/gorilla/eval/retrievers/gpt.py,/Users/steven/GitHub/gorilla/gorilla/eval/retrievers/gpt.py,gpt.py,3435,3.35,84,56,2025-12-28T15:49:58.552148,3ba274ce6fcdf9bdacf60c1b610f250e
GitHub,gorilla/gorilla/eval/retrievers/schema.py,/Users/steven/GitHub/gorilla/gorilla/eval/retrievers/schema.py,schema.py,11561,11.29,396,276,2025-12-28T15:49:58.552585,c4626d7bd27db219b51d9f95948b58a4
GitHub,gorilla/gorilla/eval/eval-scripts/ast_eval_hf.py,/Users/steven/GitHub/gorilla/gorilla/eval/eval-scripts/ast_eval_hf.py,ast_eval_hf.py,7542,7.37,197,138,2025-12-28T15:49:58.512244,0e665999bcc1e158cb0b58f19b0b439e
GitHub,gorilla/gorilla/eval/eval-scripts/ast_eval_th.py,/Users/steven/GitHub/gorilla/gorilla/eval/eval-scripts/ast_eval_th.py,ast_eval_th.py,6656,6.5,203,142,2025-12-28T15:49:58.513026,523d972ff3a7600884c0bee9148bd670
GitHub,gorilla/gorilla/eval/eval-scripts/ast_eval_tf.py,/Users/steven/GitHub/gorilla/gorilla/eval/eval-scripts/ast_eval_tf.py,ast_eval_tf.py,6195,6.05,171,118,2025-12-28T15:49:58.512472,b386224711e0e83010b29bd0114fca42
GitHub,gorilla/gorilla/eval/eval-scripts/codebleu/weighted_ngram_match.py,/Users/steven/GitHub/gorilla/gorilla/eval/eval-scripts/codebleu/weighted_ngram_match.py,weighted_ngram_match.py,25818,25.21,558,459,2025-12-28T15:49:58.550302,9abff868784919dd120fca9f7f2cd348
GitHub,gorilla/gorilla/eval/eval-scripts/codebleu/bleu.py,/Users/steven/GitHub/gorilla/gorilla/eval/eval-scripts/codebleu/bleu.py,bleu.py,25636,25.04,562,458,2025-12-28T15:49:58.513555,e02e806726a9fa7f05526c25040f2e26
GitHub,gorilla/gorilla/eval/eval-scripts/codebleu/__init__.py,/Users/steven/GitHub/gorilla/gorilla/eval/eval-scripts/codebleu/__init__.py,__init__.py,0,0.0,0,0,2025-12-28T15:49:58.513262,d41d8cd98f00b204e9800998ecf8427e
GitHub,gorilla/gorilla/eval/eval-scripts/codebleu/syntax_check.py,/Users/steven/GitHub/gorilla/gorilla/eval/eval-scripts/codebleu/syntax_check.py,syntax_check.py,2773,2.71,76,55,2025-12-28T15:49:58.549388,679125b6bc9e6e683ab4b6ab8451fc1f
GitHub,gorilla/gorilla/eval/eval-scripts/codebleu/dataflow_match.py,/Users/steven/GitHub/gorilla/gorilla/eval/eval-scripts/codebleu/dataflow_match.py,dataflow_match.py,5931,5.79,188,157,2025-12-28T15:49:58.514011,567854ebfb07667774df3dc54564d86c
GitHub,gorilla/gorilla/eval/eval-scripts/codebleu/utils.py,/Users/steven/GitHub/gorilla/gorilla/eval/eval-scripts/codebleu/utils.py,utils.py,3892,3.8,110,83,2025-12-28T15:49:58.549964,2cf261a7e98c7d3dc26c94fd748362e4
GitHub,gorilla/gorilla/eval/eval-scripts/codebleu/syntax_match.py,/Users/steven/GitHub/gorilla/gorilla/eval/eval-scripts/codebleu/syntax_match.py,syntax_match.py,4480,4.38,128,104,2025-12-28T15:49:58.549628,2c1ac3056759c48a9d03ea6dee97230a
GitHub,gorilla/gorilla/eval/eval-scripts/codebleu/parser/build.py,/Users/steven/GitHub/gorilla/gorilla/eval/eval-scripts/codebleu/parser/build.py,build.py,277,0.27,14,6,2025-12-28T15:49:58.516053,c44b018fcec7d51cf5874090929f1d33
GitHub,gorilla/gorilla/eval/eval-scripts/codebleu/parser/__init__.py,/Users/steven/GitHub/gorilla/gorilla/eval/eval-scripts/codebleu/parser/__init__.py,__init__.py,336,0.33,8,5,2025-12-28T15:49:58.515845,edbd12ab9ae6e363eba95ffe2df26e20
GitHub,gorilla/gorilla/eval/eval-scripts/codebleu/parser/DFG.py,/Users/steven/GitHub/gorilla/gorilla/eval/eval-scripts/codebleu/parser/DFG.py,DFG.py,52855,51.62,1191,1162,2025-12-28T15:49:58.515554,18d96d486f21d4f6993fd0058dd1823e
GitHub,gorilla/gorilla/eval/eval-scripts/codebleu/parser/utils.py,/Users/steven/GitHub/gorilla/gorilla/eval/eval-scripts/codebleu/parser/utils.py,utils.py,3574,3.49,102,91,2025-12-28T15:49:58.549029,fc9398dbc838a7688ce8af61f32daee2
GitHub,gorilla/gorilla/eval/eval-scripts/codebleu/parser/tree-sitter-python/examples/python2-grammar-crlf.py,/Users/steven/GitHub/gorilla/gorilla/eval/eval-scripts/codebleu/parser/tree-sitter-python/examples/python2-grammar-crlf.py,python2-grammar-crlf.py,31900,31.15,973,746,2025-12-28T15:49:58.525294,1003ab4d754212706b58b532684b51d4
GitHub,gorilla/gorilla/eval/eval-scripts/codebleu/parser/tree-sitter-python/examples/mixed-spaces-tabs.py,/Users/steven/GitHub/gorilla/gorilla/eval/eval-scripts/codebleu/parser/tree-sitter-python/examples/mixed-spaces-tabs.py,mixed-spaces-tabs.py,74,0.07,4,3,2025-12-28T15:49:58.524434,25c4569a4d1ede6f5746d54e39914993
GitHub,gorilla/gorilla/eval/eval-scripts/codebleu/parser/tree-sitter-python/examples/compound-statement-without-trailing-newline.py,/Users/steven/GitHub/gorilla/gorilla/eval/eval-scripts/codebleu/parser/tree-sitter-python/examples/compound-statement-without-trailing-newline.py,compound-statement-without-trailing-newline.py,39,0.04,4,3,2025-12-28T15:49:58.524009,bbc96f0fa40dd5ee8aa8b2502e9878df
GitHub,gorilla/gorilla/eval/eval-scripts/codebleu/parser/tree-sitter-python/examples/tabs.py,/Users/steven/GitHub/gorilla/gorilla/eval/eval-scripts/codebleu/parser/tree-sitter-python/examples/tabs.py,tabs.py,1236,1.21,32,30,2025-12-28T15:49:58.527409,be2faba3f4c62119ee8932896b5ea5ef
GitHub,gorilla/gorilla/eval/eval-scripts/codebleu/parser/tree-sitter-python/examples/python3-grammar.py,/Users/steven/GitHub/gorilla/gorilla/eval/eval-scripts/codebleu/parser/tree-sitter-python/examples/python3-grammar.py,python3-grammar.py,30749,30.03,945,720,2025-12-28T15:49:58.526422,b584775ca24c9a6aa47067ca15d26032
GitHub,gorilla/gorilla/eval/eval-scripts/codebleu/parser/tree-sitter-python/examples/multiple-newlines.py,/Users/steven/GitHub/gorilla/gorilla/eval/eval-scripts/codebleu/parser/tree-sitter-python/examples/multiple-newlines.py,multiple-newlines.py,73,0.07,25,4,2025-12-28T15:49:58.524636,f6807678e90ed63271a716cd820de204
GitHub,gorilla/gorilla/eval/eval-scripts/codebleu/parser/tree-sitter-python/examples/python3.8_grammar.py,/Users/steven/GitHub/gorilla/gorilla/eval/eval-scripts/codebleu/parser/tree-sitter-python/examples/python3.8_grammar.py,python3.8_grammar.py,50421,49.24,1572,1236,2025-12-28T15:49:58.526856,a99928ee54c9a32beb7641a60c2f827a
GitHub,gorilla/gorilla/eval/eval-scripts/codebleu/parser/tree-sitter-python/examples/python3-grammar-crlf.py,/Users/steven/GitHub/gorilla/gorilla/eval/eval-scripts/codebleu/parser/tree-sitter-python/examples/python3-grammar-crlf.py,python3-grammar-crlf.py,31687,30.94,945,720,2025-12-28T15:49:58.526094,4f9b8f899d9ccbc4bc38fefaf6699253
GitHub,gorilla/gorilla/eval/eval-scripts/codebleu/parser/tree-sitter-python/examples/trailing-whitespace.py,/Users/steven/GitHub/gorilla/gorilla/eval/eval-scripts/codebleu/parser/tree-sitter-python/examples/trailing-whitespace.py,trailing-whitespace.py,58,0.06,6,5,2025-12-28T15:49:58.527627,b2f389a4fb34255183edb1e4295c282a
GitHub,gorilla/gorilla/eval/eval-scripts/codebleu/parser/tree-sitter-python/examples/simple-statements-without-trailing-newline.py,/Users/steven/GitHub/gorilla/gorilla/eval/eval-scripts/codebleu/parser/tree-sitter-python/examples/simple-statements-without-trailing-newline.py,simple-statements-without-trailing-newline.py,16,0.02,1,1,2025-12-28T15:49:58.527158,82423ced3c45b94352f21df4c2f13c17
GitHub,gorilla/gorilla/eval/eval-scripts/codebleu/parser/tree-sitter-python/examples/python2-grammar.py,/Users/steven/GitHub/gorilla/gorilla/eval/eval-scripts/codebleu/parser/tree-sitter-python/examples/python2-grammar.py,python2-grammar.py,30952,30.23,975,747,2025-12-28T15:49:58.525612,e74a4e6da5dfcbc180f192e96e028894
GitHub,gorilla/gorilla/eval/eval-scripts/codebleu/parser/tree-sitter-python/examples/crlf-line-endings.py,/Users/steven/GitHub/gorilla/gorilla/eval/eval-scripts/codebleu/parser/tree-sitter-python/examples/crlf-line-endings.py,crlf-line-endings.py,51,0.05,6,5,2025-12-28T15:49:58.524226,c8179ba90ab402a8c27f480ed7028694
GitHub,gorilla/gorilla/eval/eval-scripts/codebleu/parser/tree-sitter-python/test/highlight/pattern_matching.py,/Users/steven/GitHub/gorilla/gorilla/eval/eval-scripts/codebleu/parser/tree-sitter-python/test/highlight/pattern_matching.py,pattern_matching.py,1297,1.27,54,31,2025-12-28T15:49:58.548548,14459dc6008cb1f0ccb7d36a57690ea9
GitHub,gorilla/gorilla/eval/eval-scripts/codebleu/parser/tree-sitter-python/test/highlight/keywords.py,/Users/steven/GitHub/gorilla/gorilla/eval/eval-scripts/codebleu/parser/tree-sitter-python/test/highlight/keywords.py,keywords.py,352,0.34,30,12,2025-12-28T15:49:58.548247,1b9324a15c4ce3f1f54e6d322dffcd62
GitHub,gorilla/gorilla/eval/eval-scripts/codebleu/parser/tree-sitter-python/test/highlight/parameters.py,/Users/steven/GitHub/gorilla/gorilla/eval/eval-scripts/codebleu/parser/tree-sitter-python/test/highlight/parameters.py,parameters.py,99,0.1,4,2,2025-12-28T15:49:58.548403,15d9791d94e497e1bd67f08d3b867a0e
GitHub,gorilla/openfunctions/utils/js_parser.py,/Users/steven/GitHub/gorilla/openfunctions/utils/js_parser.py,js_parser.py,3351,3.27,87,69,2025-12-28T15:49:58.771442,ebd2972eff6e1ba7335f16992a43c882
GitHub,gorilla/openfunctions/utils/python_parser.py,/Users/steven/GitHub/gorilla/openfunctions/utils/python_parser.py,python_parser.py,1466,1.43,50,33,2025-12-28T15:49:58.771556,6d5cc887f2e5dd37e0ea6828921d02ce
GitHub,gorilla/openfunctions/utils/java_parser.py,/Users/steven/GitHub/gorilla/openfunctions/utils/java_parser.py,java_parser.py,7686,7.51,187,147,2025-12-28T15:49:58.771316,5189801cab8784d507038871f7a958f6
GitHub,gorilla/goex/demo/env_setup.py,/Users/steven/GitHub/gorilla/goex/demo/env_setup.py,env_setup.py,1624,1.59,51,41,2025-12-28T15:49:58.408855,da7f0ed901c0baafd10390cdc33b4f02
GitHub,gorilla/goex/demo/mysql_setup.py,/Users/steven/GitHub/gorilla/goex/demo/mysql_setup.py,mysql_setup.py,1572,1.54,45,31,2025-12-28T15:49:58.408986,34108b71b3da10e2c0fc64ec33740efb
GitHub,gorilla/goex/authorizations/__init__.py,/Users/steven/GitHub/gorilla/goex/authorizations/__init__.py,__init__.py,0,0.0,0,0,2025-12-28T15:49:58.405663,d41d8cd98f00b204e9800998ecf8427e
GitHub,gorilla/goex/exec_engine/db_manager.py,/Users/steven/GitHub/gorilla/goex/exec_engine/db_manager.py,db_manager.py,10366,10.12,302,245,2025-12-28T15:49:58.413901,1251a814b8064eb147199e86f9812f26
GitHub,gorilla/goex/exec_engine/api_executor.py,/Users/steven/GitHub/gorilla/goex/exec_engine/api_executor.py,api_executor.py,4033,3.94,105,80,2025-12-28T15:49:58.412312,60e01f3d7feb544481e9798b40e93964
GitHub,gorilla/goex/exec_engine/__init__.py,/Users/steven/GitHub/gorilla/goex/exec_engine/__init__.py,__init__.py,0,0.0,0,0,2025-12-28T15:49:58.412163,d41d8cd98f00b204e9800998ecf8427e
GitHub,gorilla/goex/exec_engine/fs_manager.py,/Users/steven/GitHub/gorilla/goex/exec_engine/fs_manager.py,fs_manager.py,7500,7.32,182,144,2025-12-28T15:49:58.414333,ce008a41c4092bf92ab8bebe152f12ff
GitHub,gorilla/goex/exec_engine/utils.py,/Users/steven/GitHub/gorilla/goex/exec_engine/utils.py,utils.py,825,0.81,26,21,2025-12-28T15:49:58.415836,e74341a184e4afda8feefcfc8ed10c49
GitHub,gorilla/goex/exec_engine/pipeline.py,/Users/steven/GitHub/gorilla/goex/exec_engine/pipeline.py,pipeline.py,13211,12.9,311,242,2025-12-28T15:49:58.414707,de4542ed68e8ce65d047d75267308e67
GitHub,gorilla/goex/exec_engine/docker_sandbox.py,/Users/steven/GitHub/gorilla/goex/exec_engine/docker_sandbox.py,docker_sandbox.py,5795,5.66,143,115,2025-12-28T15:49:58.414119,47c38643e6dda4e8fbbcb9d7d3043cb5
GitHub,gorilla/goex/exec_engine/negation_manager.py,/Users/steven/GitHub/gorilla/goex/exec_engine/negation_manager.py,negation_manager.py,2498,2.44,78,58,2025-12-28T15:49:58.414460,c12aad86168eebed68c32bc9cc2baed3
GitHub,gorilla/goex/function/slack_delete_latest_file.py,/Users/steven/GitHub/gorilla/goex/function/slack_delete_latest_file.py,slack_delete_latest_file.py,1413,1.38,44,36,2025-12-28T15:49:58.416521,371e33caabcbd7a19dbb28665baf7e62
GitHub,gorilla/goex/function/slack_delete_most_recent_message.py,/Users/steven/GitHub/gorilla/goex/function/slack_delete_most_recent_message.py,slack_delete_most_recent_message.py,1204,1.18,37,29,2025-12-28T15:49:58.416649,fb718c311360f56e0570b31374dc82e0
GitHub,gorilla/goex/function/slack_list_channels.py,/Users/steven/GitHub/gorilla/goex/function/slack_list_channels.py,slack_list_channels.py,805,0.79,27,18,2025-12-28T15:49:58.416914,8c61dd24db1552c34a4b04bb363995e1
GitHub,gorilla/goex/function/slack_send_message.py,/Users/steven/GitHub/gorilla/goex/function/slack_send_message.py,slack_send_message.py,861,0.84,29,21,2025-12-28T15:49:58.417324,2b7f715740a6e1d6929dd5bf660b736c
GitHub,gorilla/goex/function/slack_remove_latest_emoji_reaction.py,/Users/steven/GitHub/gorilla/goex/function/slack_remove_latest_emoji_reaction.py,slack_remove_latest_emoji_reaction.py,1298,1.27,38,30,2025-12-28T15:49:58.417185,d14060b162c3832c35a00ae6ffea6357
GitHub,gorilla/goex/function/slack_read_messages.py,/Users/steven/GitHub/gorilla/goex/function/slack_read_messages.py,slack_read_messages.py,1168,1.14,32,19,2025-12-28T15:49:58.417061,6f83a8701af5c54f3b4e03bdab183061
GitHub,gorilla/goex/function/slack_delete_most_recent_message_dummy.py,/Users/steven/GitHub/gorilla/goex/function/slack_delete_most_recent_message_dummy.py,slack_delete_most_recent_message_dummy.py,1236,1.21,37,29,2025-12-28T15:49:58.416784,4bc3c11543b74f73cfc9554c350a9f8a
GitHub,gorilla/goex/function/slack_add_emoji_reaction.py,/Users/steven/GitHub/gorilla/goex/function/slack_add_emoji_reaction.py,slack_add_emoji_reaction.py,968,0.95,30,22,2025-12-28T15:49:58.416390,fe6c60c1c187a2c9cc27f7d150ac9211
GitHub,gorilla/goex/function/slack_upload_file.py,/Users/steven/GitHub/gorilla/goex/function/slack_upload_file.py,slack_upload_file.py,931,0.91,29,22,2025-12-28T15:49:58.417583,a6091a65bd31c1a011f78e87f13e2e9f
GitHub,gorilla/goex/function/slack_send_message_dummy.py,/Users/steven/GitHub/gorilla/goex/function/slack_send_message_dummy.py,slack_send_message_dummy.py,873,0.85,29,21,2025-12-28T15:49:58.417464,4d6c1252f9f79ac61b5fdf106d91f08d
GitHub,gorilla/goex/docker/docker/python_executor.py,/Users/steven/GitHub/gorilla/goex/docker/docker/python_executor.py,python_executor.py,348,0.34,17,14,2025-12-28T15:49:58.409431,75f7a70559e71485926576683e0222b1
GitHub,gorilla/goex/docker/mysql_docker/python_executor.py,/Users/steven/GitHub/gorilla/goex/docker/mysql_docker/python_executor.py,python_executor.py,348,0.34,17,14,2025-12-28T15:49:58.410605,75f7a70559e71485926576683e0222b1
GitHub,gorilla/goex/docker/sqllite_docker/python_executor.py,/Users/steven/GitHub/gorilla/goex/docker/sqllite_docker/python_executor.py,python_executor.py,348,0.34,17,14,2025-12-28T15:49:58.411610,75f7a70559e71485926576683e0222b1
GitHub,gorilla/goex/authorizations/scripts/slack_authorization.py,/Users/steven/GitHub/gorilla/goex/authorizations/scripts/slack_authorization.py,slack_authorization.py,3821,3.73,89,70,2025-12-28T15:49:58.408280,07e26b33a3de766d9762dcb1c30546f3
GitHub,gorilla/goex/authorizations/scripts/gmail_authorization.py,/Users/steven/GitHub/gorilla/goex/authorizations/scripts/gmail_authorization.py,gmail_authorization.py,3929,3.84,98,77,2025-12-28T15:49:58.408132,8c2a4bdb29350190c9c66150a5bf93b9
GitHub,gorilla/goex/authorizations/scripts/__init__.py,/Users/steven/GitHub/gorilla/goex/authorizations/scripts/__init__.py,__init__.py,0,0.0,0,0,2025-12-28T15:49:58.405797,d41d8cd98f00b204e9800998ecf8427e
GitHub,gorilla/goex/authorizations/scripts/github_authorization.py,/Users/steven/GitHub/gorilla/goex/authorizations/scripts/github_authorization.py,github_authorization.py,3322,3.24,83,66,2025-12-28T15:49:58.407979,ffd0d25447a73a560e62ec5bc88d81d6
GitHub,gorilla/goex/authorizations/scripts/consts.py,/Users/steven/GitHub/gorilla/goex/authorizations/scripts/consts.py,consts.py,369,0.36,7,5,2025-12-28T15:49:58.407433,18666ae8c5f474fbc59ac9d0bd5aae81
GitHub,gorilla/goex/authorizations/scripts/dropbox_authorization.py,/Users/steven/GitHub/gorilla/goex/authorizations/scripts/dropbox_authorization.py,dropbox_authorization.py,3404,3.32,83,66,2025-12-28T15:49:58.407814,e86e556230421e70cba2acb083a04eba
GitHub,gorilla/goex/authorizations/scripts/discord_authorization.py,/Users/steven/GitHub/gorilla/goex/authorizations/scripts/discord_authorization.py,discord_authorization.py,3952,3.86,98,74,2025-12-28T15:49:58.407607,44f4ccd9cc341d74b552956cf41b3449
GitHub,gorilla/goex/authorizations/scripts/authorization_utils.py,/Users/steven/GitHub/gorilla/goex/authorizations/scripts/authorization_utils.py,authorization_utils.py,893,0.87,25,19,2025-12-28T15:49:58.407211,2627b9caae8d5501526d9ab2c8aa7e3b
GitHub,gorilla/goex/authorizations/scripts/spotify_authorization.py,/Users/steven/GitHub/gorilla/goex/authorizations/scripts/spotify_authorization.py,spotify_authorization.py,3730,3.64,89,70,2025-12-28T15:49:58.408398,6f56df6f77dad51a62ee1620f0404f81
GitHub,gorilla/goex/exec_engine/container_utils/container_utils.py,/Users/steven/GitHub/gorilla/goex/exec_engine/container_utils/container_utils.py,container_utils.py,1697,1.66,51,45,2025-12-28T15:49:58.412843,5387bdbfad9f14955f54ac87c36bd98c
GitHub,gorilla/goex/exec_engine/container_utils/__init__.py,/Users/steven/GitHub/gorilla/goex/exec_engine/container_utils/__init__.py,__init__.py,0,0.0,0,0,2025-12-28T15:49:58.412454,d41d8cd98f00b204e9800998ecf8427e
GitHub,gorilla/goex/exec_engine/container_utils/code_parser.py,/Users/steven/GitHub/gorilla/goex/exec_engine/container_utils/code_parser.py,code_parser.py,13966,13.64,406,294,2025-12-28T15:49:58.412712,2131c076cd96daa8da741d68cd14f067
GitHub,gorilla/goex/exec_engine/credentials/__init__.py,/Users/steven/GitHub/gorilla/goex/exec_engine/credentials/__init__.py,__init__.py,0,0.0,0,0,2025-12-28T15:49:58.412983,d41d8cd98f00b204e9800998ecf8427e
GitHub,gorilla/goex/exec_engine/credentials/credentials_utils.py,/Users/steven/GitHub/gorilla/goex/exec_engine/credentials/credentials_utils.py,credentials_utils.py,5620,5.49,159,135,2025-12-28T15:49:58.413488,f824865739965dc542a55d9e48b41410
GitHub,gorilla/raft/tests/test_set_env.py,/Users/steven/GitHub/gorilla/raft/tests/test_set_env.py,test_set_env.py,896,0.88,29,23,2025-12-28T15:49:58.883451,baf898f65d3b34e7ad427484c51dff62
GitHub,gorilla/raft/tests/test_env_config.py,/Users/steven/GitHub/gorilla/raft/tests/test_env_config.py,test_env_config.py,3351,3.27,99,80,2025-12-28T15:49:58.883206,e6b735ebf69c22e3d00b9ca130a244aa
GitHub,gorilla/raft/tests/test_format.py,/Users/steven/GitHub/gorilla/raft/tests/test_format.py,test_format.py,2280,2.23,22,16,2025-12-28T15:49:58.883335,53afc353880d8db50a4220b789bc025b
GitHub,aider/benchmark/over_time.py,/Users/steven/GitHub/aider/benchmark/over_time.py,over_time.py,5346,5.22,168,136,2025-11-27T06:13:47.053603,02161af592bf46511449ed03a27987f5
GitHub,aider/benchmark/benchmark.py,/Users/steven/GitHub/aider/benchmark/benchmark.py,benchmark.py,34621,33.81,1059,817,2025-11-27T06:13:47.052766,a84946ddb53229d3357937bc534cf9e1
GitHub,aider/benchmark/problem_stats.py,/Users/steven/GitHub/aider/benchmark/problem_stats.py,problem_stats.py,13538,13.22,355,258,2025-11-27T06:13:47.054090,7094059d30877ddf3e2a2984461d0362
GitHub,aider/benchmark/refactor_tools.py,/Users/steven/GitHub/aider/benchmark/refactor_tools.py,refactor_tools.py,6467,6.32,209,155,2025-11-27T06:13:47.054329,c6b231a055f3b8454206141de7b883ae
GitHub,aider/benchmark/swe_bench.py,/Users/steven/GitHub/aider/benchmark/swe_bench.py,swe_bench.py,3621,3.54,131,107,2025-11-27T06:13:47.055254,8366316ea37ae5c5b02b8559f24e7014
GitHub,aider/benchmark/rungrid.py,/Users/steven/GitHub/aider/benchmark/rungrid.py,rungrid.py,1354,1.32,61,35,2025-11-27T06:13:47.054626,724e1fb50cbae78ba7e5783f8ce0185a
GitHub,aider/benchmark/__init__.py,/Users/steven/GitHub/aider/benchmark/__init__.py,__init__.py,0,0.0,0,0,2025-11-27T06:13:47.052517,d41d8cd98f00b204e9800998ecf8427e
GitHub,aider/benchmark/prompts.py,/Users/steven/GitHub/aider/benchmark/prompts.py,prompts.py,473,0.46,16,10,2025-11-27T06:13:47.054193,4fa3c5af939f107ad50ed2969cadcdb8
GitHub,aider/benchmark/plots.py,/Users/steven/GitHub/aider/benchmark/plots.py,plots.py,11425,11.16,417,323,2025-11-27T06:13:47.053901,795417e90f564579cf36f963cdda5454
GitHub,aider/benchmark/test_benchmark.py,/Users/steven/GitHub/aider/benchmark/test_benchmark.py,test_benchmark.py,1535,1.5,47,36,2025-11-27T06:13:47.055430,933b8ea13bdd4bcca38668298726f51a
GitHub,aider/aider/repomap.py,/Users/steven/GitHub/aider/aider/repomap.py,repomap.py,26600,25.98,848,627,2025-11-27T06:13:46.675322,04647c3c7f3191818fdbac444beae4e8
GitHub,aider/aider/watch_prompts.py,/Users/steven/GitHub/aider/aider/watch_prompts.py,watch_prompts.py,556,0.54,12,10,2025-11-27T06:13:46.694864,363b074246a0cf487110e4539010201f
GitHub,aider/aider/versioncheck.py,/Users/steven/GitHub/aider/aider/versioncheck.py,versioncheck.py,2977,2.91,113,85,2025-11-27T06:13:46.679291,deb7c96ce978dc98b713e83dd1c6629d
GitHub,aider/aider/format_settings.py,/Users/steven/GitHub/aider/aider/format_settings.py,format_settings.py,1041,1.02,26,22,2025-11-27T06:13:46.658659,1cf85c99c7abb5d319e9599e22fcf4ad
GitHub,aider/aider/models.py,/Users/steven/GitHub/aider/aider/models.py,models.py,45351,44.29,1303,1011,2025-11-27T06:13:46.661044,0619854ec2b52b5bb482f5da8aadb6b9
GitHub,aider/aider/sendchat.py,/Users/steven/GitHub/aider/aider/sendchat.py,sendchat.py,1854,1.81,61,42,2025-11-27T06:13:46.678514,d8cc553376f52051da2c9c6a2823c94b
GitHub,aider/aider/openrouter.py,/Users/steven/GitHub/aider/aider/openrouter.py,openrouter.py,4641,4.53,128,99,2025-11-27T06:13:46.661437,b83897e32b266d944b036000bde22f5a
GitHub,aider/aider/onboarding.py,/Users/steven/GitHub/aider/aider/onboarding.py,onboarding.py,16105,15.73,428,310,2025-11-27T06:13:46.661287,46c07cbfd5b44a67537d88061aedcf90
GitHub,aider/aider/deprecated.py,/Users/steven/GitHub/aider/aider/deprecated.py,deprecated.py,4277,4.18,126,114,2025-11-27T06:13:46.657271,0e286f211c5a11a3c1fb7c1a7fc2c9d7
GitHub,aider/aider/io.py,/Users/steven/GitHub/aider/aider/io.py,io.py,42853,41.85,1191,970,2025-11-27T06:13:46.659671,046e88b16c84ed178f44e26e1a00ef7a
GitHub,aider/aider/__init__.py,/Users/steven/GitHub/aider/aider/__init__.py,__init__.py,496,0.48,20,16,2025-11-27T06:13:46.642996,32a92ef48890cea2da29ccf6b055c1e9
GitHub,aider/aider/llm.py,/Users/steven/GitHub/aider/aider/llm.py,llm.py,1103,1.08,47,30,2025-11-27T06:13:46.660159,012aec4189066faea0ecbbf3eea92029
GitHub,aider/aider/diffs.py,/Users/steven/GitHub/aider/aider/diffs.py,diffs.py,3028,2.96,128,84,2025-11-27T06:13:46.657667,29666c864e94c73cd5db25b32aec9ee3
GitHub,aider/aider/prompts.py,/Users/steven/GitHub/aider/aider/prompts.py,prompts.py,2354,2.3,61,39,2025-11-27T06:13:46.661766,ef4488324e4ff63bd74032e902093022
GitHub,aider/aider/dump.py,/Users/steven/GitHub/aider/aider/dump.py,dump.py,653,0.64,29,21,2025-11-27T06:13:46.657811,ea4d0938ae5ed30ff78afb5e397cffc4
GitHub,aider/aider/voice.py,/Users/steven/GitHub/aider/aider/voice.py,voice.py,6150,6.01,187,144,2025-11-27T06:13:46.679464,429657d3b1ed6ab0cc64f9cdb0aef61c
GitHub,aider/aider/mdstream.py,/Users/steven/GitHub/aider/aider/mdstream.py,mdstream.py,7594,7.42,243,162,2025-11-27T06:13:46.660820,7be5b7f567a80c0151018620c7b3ecc7
GitHub,aider/aider/help_pats.py,/Users/steven/GitHub/aider/aider/help_pats.py,help_pats.py,376,0.37,19,17,2025-11-27T06:13:46.659157,8b3f648b28be906b496b9dc5fc0941d1
GitHub,aider/aider/copypaste.py,/Users/steven/GitHub/aider/aider/copypaste.py,copypaste.py,2095,2.05,72,56,2025-11-27T06:13:46.656862,137ebab7078a8dcd8776c6a2bf67605f
GitHub,aider/aider/waiting.py,/Users/steven/GitHub/aider/aider/waiting.py,waiting.py,7646,7.47,221,159,2025-11-27T06:13:46.679858,3da7bf6c48795b152d9ecae2586b1e9d
GitHub,aider/aider/utils.py,/Users/steven/GitHub/aider/aider/utils.py,utils.py,9067,8.85,345,262,2025-11-27T06:13:46.679127,77f67e7de4e629957d3642a4b154ae3e
GitHub,aider/aider/run_cmd.py,/Users/steven/GitHub/aider/aider/run_cmd.py,run_cmd.py,4223,4.12,132,102,2025-11-27T06:13:46.678027,949bcc0cc67079f8f10dad10d32f2075
GitHub,aider/aider/repo.py,/Users/steven/GitHub/aider/aider/repo.py,repo.py,22922,22.38,621,488,2025-11-27T06:13:46.675114,74013ecfe58a8699b8022a9b869b8acf
GitHub,aider/aider/args.py,/Users/steven/GitHub/aider/aider/args.py,args.py,30298,29.59,945,876,2025-11-27T06:13:46.643729,6ff6ad5501eaecff840522a99eeb4ad5
GitHub,aider/aider/exceptions.py,/Users/steven/GitHub/aider/aider/exceptions.py,exceptions.py,3796,3.71,107,89,2025-11-27T06:13:46.658524,ef1076f9ddfa4e2e3f5898149cd934d2
GitHub,aider/aider/analytics.py,/Users/steven/GitHub/aider/aider/analytics.py,analytics.py,7507,7.33,258,191,2025-11-27T06:13:46.643415,c468b1f5fdbba6dbff962ad348c37d3c
GitHub,aider/aider/watch.py,/Users/steven/GitHub/aider/aider/watch.py,watch.py,10641,10.39,318,257,2025-11-27T06:13:46.694554,676e0dd86e913b8b0f2ab6ab452ca675
GitHub,aider/aider/editor.py,/Users/steven/GitHub/aider/aider/editor.py,editor.py,4364,4.26,147,119,2025-11-27T06:13:46.658177,41c18ab6efcab767ab2125a55a5b3ab6
GitHub,aider/aider/main.py,/Users/steven/GitHub/aider/aider/main.py,main.py,43965,42.93,1274,1011,2025-11-27T06:13:46.660552,02975e5a05e07f9ff485938afc87ac07
GitHub,aider/aider/help.py,/Users/steven/GitHub/aider/aider/help.py,help.py,4434,4.33,163,111,2025-11-27T06:13:46.659022,f1bd9a773835dc6c00735434feb0eceb
GitHub,aider/aider/urls.py,/Users/steven/GitHub/aider/aider/urls.py,urls.py,1122,1.1,17,17,2025-11-27T06:13:46.678849,7bccee40e9a283e4dbd378aa4c40f028
GitHub,aider/aider/linter.py,/Users/steven/GitHub/aider/aider/linter.py,linter.py,7998,7.81,304,239,2025-11-27T06:13:46.659878,1d3b2bec286e09d405a0f4687866e416
GitHub,aider/aider/commands.py,/Users/steven/GitHub/aider/aider/commands.py,commands.py,61613,60.17,1694,1324,2025-11-27T06:13:46.656468,57ed5ff669862ab73d125a7b39159df5
GitHub,aider/aider/reasoning_tags.py,/Users/steven/GitHub/aider/aider/reasoning_tags.py,reasoning_tags.py,2288,2.23,82,51,2025-11-27T06:13:46.674916,e3b6bc35e219173a474a3f3cdc6aae25
GitHub,aider/aider/special.py,/Users/steven/GitHub/aider/aider/special.py,special.py,4415,4.31,203,172,2025-11-27T06:13:46.678658,cd4db9902272e6179407dd3e339ba9fd
GitHub,aider/aider/gui.py,/Users/steven/GitHub/aider/aider/gui.py,gui.py,17573,17.16,545,410,2025-11-27T06:13:46.658842,b046d0090a4731e11e48e7c8a73e4e69
GitHub,aider/aider/__main__.py,/Users/steven/GitHub/aider/aider/__main__.py,__main__.py,62,0.06,4,3,2025-11-27T06:13:46.643114,ce3e37702a9ac29b2c1cf6e3e328d235
GitHub,aider/aider/args_formatter.py,/Users/steven/GitHub/aider/aider/args_formatter.py,args_formatter.py,6369,6.22,228,150,2025-11-27T06:13:46.643907,acea879af3386db2e716b62bf23de8da
GitHub,aider/aider/report.py,/Users/steven/GitHub/aider/aider/report.py,report.py,5899,5.76,200,141,2025-11-27T06:13:46.675478,da853d4c4df05d5b9cbfdfd51dd1dc82
GitHub,aider/aider/scrape.py,/Users/steven/GitHub/aider/aider/scrape.py,scrape.py,8325,8.13,284,212,2025-11-27T06:13:46.678321,439fabdc6184c13babdf1921e11df39c
GitHub,aider/aider/history.py,/Users/steven/GitHub/aider/aider/history.py,history.py,4769,4.66,143,102,2025-11-27T06:13:46.659312,3c8a24b14b203f669d58075e756c6648
GitHub,aider/tests/__init__.py,/Users/steven/GitHub/aider/tests/__init__.py,__init__.py,0,0.0,0,0,2025-11-27T06:13:47.063743,d41d8cd98f00b204e9800998ecf8427e
GitHub,aider/scripts/issues.py,/Users/steven/GitHub/aider/scripts/issues.py,issues.py,17667,17.25,458,332,2025-11-27T06:13:47.059496,72c3b139d478744a486b311c79e42324
GitHub,aider/scripts/history_prompts.py,/Users/steven/GitHub/aider/scripts/history_prompts.py,history_prompts.py,1356,1.32,26,19,2025-11-27T06:13:47.058952,b4eaa9d3f1cb42e5bc57df2bed0cbd2f
GitHub,aider/scripts/logo_svg.py,/Users/steven/GitHub/aider/scripts/logo_svg.py,logo_svg.py,5616,5.48,174,126,2025-11-27T06:13:47.060019,f1d225cb602a922ff0bc097803f5c144
GitHub,aider/scripts/clean_metadata.py,/Users/steven/GitHub/aider/scripts/clean_metadata.py,clean_metadata.py,10188,9.95,258,181,2025-11-27T06:13:47.058610,610b246c452d17919936efc36b3c12d2
GitHub,aider/scripts/__init__.py,/Users/steven/GitHub/aider/scripts/__init__.py,__init__.py,0,0.0,0,0,2025-11-27T06:13:47.058217,d41d8cd98f00b204e9800998ecf8427e
GitHub,aider/scripts/recording_audio.py,/Users/steven/GitHub/aider/scripts/recording_audio.py,recording_audio.py,11641,11.37,338,247,2025-11-27T06:13:47.060902,cb800ed5c8fa40bd1f618fd20fe4125b
GitHub,aider/scripts/redact-cast.py,/Users/steven/GitHub/aider/scripts/redact-cast.py,redact-cast.py,1696,1.66,62,39,2025-11-27T06:13:47.061198,0dbfeb7f58cebf462c38cbfa94fe21f1
GitHub,aider/scripts/blame.py,/Users/steven/GitHub/aider/scripts/blame.py,blame.py,10066,9.83,296,235,2025-11-27T06:13:47.058419,afcb2d13f9f650dd1994349b5e1b9eed
GitHub,aider/scripts/30k-image.py,/Users/steven/GitHub/aider/scripts/30k-image.py,30k-image.py,8967,8.76,235,175,2025-11-27T06:13:47.058042,e4fa52cd63d7f7380fe6ea2203d1e70a
GitHub,aider/scripts/homepage.py,/Users/steven/GitHub/aider/scripts/homepage.py,homepage.py,23773,23.22,619,448,2025-11-27T06:13:47.059211,1d49a8f85205dd65a405b2f41cd40231
GitHub,aider/scripts/dl_icons.py,/Users/steven/GitHub/aider/scripts/dl_icons.py,dl_icons.py,1390,1.36,59,40,2025-11-27T06:13:47.058720,8bde255bb7497f05bf629018e5b7edea
GitHub,aider/scripts/versionbump.py,/Users/steven/GitHub/aider/scripts/versionbump.py,versionbump.py,5952,5.81,175,137,2025-11-27T06:13:47.063245,16b22a857099aefa9ab3043c9c68f8f2
GitHub,aider/scripts/update-history.py,/Users/steven/GitHub/aider/scripts/update-history.py,update-history.py,4802,4.69,162,110,2025-11-27T06:13:47.062932,712d41987ff70524d6d4b6ed65bfa4f5
GitHub,aider/scripts/tsl_pack_langs.py,/Users/steven/GitHub/aider/scripts/tsl_pack_langs.py,tsl_pack_langs.py,4486,4.38,145,88,2025-11-27T06:13:47.062043,346938a0131701fb819ea65eba77f7fd
GitHub,aider/scripts/my_models.py,/Users/steven/GitHub/aider/scripts/my_models.py,my_models.py,3258,3.18,98,75,2025-11-27T06:13:47.060265,23c8ec8f5cfadde5eb8601fcb515b024
GitHub,aider/scripts/yank-old-versions.py,/Users/steven/GitHub/aider/scripts/yank-old-versions.py,yank-old-versions.py,1684,1.64,51,39,2025-11-27T06:13:47.063504,afb0e0e6ce6ec0de1b99082b2026d0b7
GitHub,aider/aider/coders/patch_prompts.py,/Users/steven/GitHub/aider/aider/coders/patch_prompts.py,patch_prompts.py,6012,5.87,159,117,2025-11-27T06:13:46.652849,e55fdf50d9ae28693932ab8ec92d292b
GitHub,aider/aider/coders/single_wholefile_func_coder.py,/Users/steven/GitHub/aider/aider/coders/single_wholefile_func_coder.py,single_wholefile_func_coder.py,2967,2.9,102,80,2025-11-27T06:13:46.653500,78491553570dc3ac56c6f39c5aa30f8b
GitHub,aider/aider/coders/help_coder.py,/Users/steven/GitHub/aider/aider/coders/help_coder.py,help_coder.py,355,0.35,16,11,2025-11-27T06:13:46.651967,fb19e706fc053cfe305dec1bc794adad
GitHub,aider/aider/coders/ask_prompts.py,/Users/steven/GitHub/aider/aider/coders/ask_prompts.py,ask_prompts.py,1171,1.14,35,23,2025-11-27T06:13:46.645042,8531613d4bc9445006d10abdfbf4a0cc
GitHub,aider/aider/coders/wholefile_func_prompts.py,/Users/steven/GitHub/aider/aider/coders/wholefile_func_prompts.py,wholefile_func_prompts.py,868,0.85,27,15,2025-11-27T06:13:46.655817,84d7b245de8fd425c9d46b76909adc9f
GitHub,aider/aider/coders/single_wholefile_func_prompts.py,/Users/steven/GitHub/aider/aider/coders/single_wholefile_func_prompts.py,single_wholefile_func_prompts.py,867,0.85,27,15,2025-11-27T06:13:46.653842,09a8fed028cdbcfc886ed170de5c651c
GitHub,aider/aider/coders/wholefile_func_coder.py,/Users/steven/GitHub/aider/aider/coders/wholefile_func_coder.py,wholefile_func_coder.py,4249,4.15,134,107,2025-11-27T06:13:46.655509,e90d9fb6747e96c4cad48a6c8dcf3661
GitHub,aider/aider/coders/architect_prompts.py,/Users/steven/GitHub/aider/aider/coders/architect_prompts.py,architect_prompts.py,1469,1.43,40,27,2025-11-27T06:13:46.644723,bb41b0d7862e52256b13bd33dd4a4445
GitHub,aider/aider/coders/search_replace.py,/Users/steven/GitHub/aider/aider/coders/search_replace.py,search_replace.py,19813,19.35,757,501,2025-11-27T06:13:46.653096,bb7db50ae4399adb9c2145145538d5a9
GitHub,aider/aider/coders/editor_diff_fenced_prompts.py,/Users/steven/GitHub/aider/aider/coders/editor_diff_fenced_prompts.py,editor_diff_fenced_prompts.py,272,0.27,11,7,2025-11-27T06:13:46.650588,52020cc3532c7d56dd8cc9b63a402959
GitHub,aider/aider/coders/shell.py,/Users/steven/GitHub/aider/aider/coders/shell.py,shell.py,1801,1.76,37,30,2025-11-27T06:13:46.653361,9866c1741ebecbe5461a9a9dc8e05870
GitHub,aider/aider/coders/__init__.py,/Users/steven/GitHub/aider/aider/coders/__init__.py,__init__.py,1038,1.01,34,30,2025-11-27T06:13:46.644288,ea3eb1b0bb9104b58210a795d13179da
GitHub,aider/aider/coders/udiff_simple_prompts.py,/Users/steven/GitHub/aider/aider/coders/udiff_simple_prompts.py,udiff_simple_prompts.py,888,0.87,25,17,2025-11-27T06:13:46.655138,10a81567b789d977170cc1e2f9f2794b
GitHub,aider/aider/coders/editblock_func_prompts.py,/Users/steven/GitHub/aider/aider/coders/editblock_func_prompts.py,editblock_func_prompts.py,886,0.87,27,18,2025-11-27T06:13:46.649899,7bdeefd5579b34d326e1ff360a03088a
GitHub,aider/aider/coders/wholefile_coder.py,/Users/steven/GitHub/aider/aider/coders/wholefile_coder.py,wholefile_coder.py,5131,5.01,144,106,2025-11-27T06:13:46.655381,6f407df39eb7ef61ff26afd68f51712c
GitHub,aider/aider/coders/ask_coder.py,/Users/steven/GitHub/aider/aider/coders/ask_coder.py,ask_coder.py,210,0.21,9,6,2025-11-27T06:13:46.644922,1235637661720be9cfe4f6cbb3e4aef6
GitHub,aider/aider/coders/editblock_fenced_coder.py,/Users/steven/GitHub/aider/aider/coders/editblock_fenced_coder.py,editblock_fenced_coder.py,346,0.34,10,7,2025-11-27T06:13:46.648827,7e65f8b9c2c7759130355b7e68c548be
GitHub,aider/aider/coders/base_coder.py,/Users/steven/GitHub/aider/aider/coders/base_coder.py,base_coder.py,86258,84.24,2485,1939,2025-11-27T06:13:46.645792,629c8c16b94c048c37a8d661ce890dfd
GitHub,aider/aider/coders/help_prompts.py,/Users/steven/GitHub/aider/aider/coders/help_prompts.py,help_prompts.py,1524,1.49,46,29,2025-11-27T06:13:46.652118,87862ea59e66caa7604310f3cd0d909f
GitHub,aider/aider/coders/editor_editblock_prompts.py,/Users/steven/GitHub/aider/aider/coders/editor_editblock_prompts.py,editor_editblock_prompts.py,547,0.53,18,13,2025-11-27T06:13:46.651197,8e1dd86353943ff302f71abe5574fb90
GitHub,aider/aider/coders/context_coder.py,/Users/steven/GitHub/aider/aider/coders/context_coder.py,context_coder.py,1571,1.53,53,30,2025-11-27T06:13:46.647904,e74cef828008256665ccc05be330f0c8
GitHub,aider/aider/coders/architect_coder.py,/Users/steven/GitHub/aider/aider/coders/architect_coder.py,architect_coder.py,1622,1.58,48,34,2025-11-27T06:13:46.644492,7ebf86bca3c5e26101becfdf2f14b3a3
GitHub,aider/aider/coders/context_prompts.py,/Users/steven/GitHub/aider/aider/coders/context_prompts.py,context_prompts.py,3082,3.01,75,49,2025-11-27T06:13:46.648172,9ca6d1d6a5a4d06fd8e975a640141029
GitHub,aider/aider/coders/editor_whole_prompts.py,/Users/steven/GitHub/aider/aider/coders/editor_whole_prompts.py,editor_whole_prompts.py,279,0.27,10,6,2025-11-27T06:13:46.651752,26dbbf6753a80a2d48554dac8080b8a3
GitHub,aider/aider/coders/udiff_prompts.py,/Users/steven/GitHub/aider/aider/coders/udiff_prompts.py,udiff_prompts.py,3320,3.24,113,89,2025-11-27T06:13:46.654355,41e8d7242f40b3515a75a2dbc64df92a
GitHub,aider/aider/coders/udiff_simple.py,/Users/steven/GitHub/aider/aider/coders/udiff_simple.py,udiff_simple.py,452,0.44,14,10,2025-11-27T06:13:46.654876,70e2edfe72dcb8ef8de56ed63b3700b7
GitHub,aider/aider/coders/wholefile_prompts.py,/Users/steven/GitHub/aider/aider/coders/wholefile_prompts.py,wholefile_prompts.py,1869,1.83,64,49,2025-11-27T06:13:46.656154,b57c142f46d507429b1ed13a82e4edbe
GitHub,aider/aider/coders/editor_editblock_coder.py,/Users/steven/GitHub/aider/aider/coders/editor_editblock_coder.py,editor_editblock_coder.py,306,0.3,8,6,2025-11-27T06:13:46.650938,e6ce38d52b2c959a7bc3c4ad4a5dd02c
GitHub,aider/aider/coders/editblock_func_coder.py,/Users/steven/GitHub/aider/aider/coders/editblock_func_coder.py,editblock_func_coder.py,5317,5.19,141,120,2025-11-27T06:13:46.649681,b43974788a7186dd2aeb600637d7f20b
GitHub,aider/aider/coders/editblock_fenced_prompts.py,/Users/steven/GitHub/aider/aider/coders/editblock_fenced_prompts.py,editblock_fenced_prompts.py,4415,4.31,143,113,2025-11-27T06:13:46.649312,8967d39a7fa0a03fa15d500e8987dbc2
GitHub,aider/aider/coders/chat_chunks.py,/Users/steven/GitHub/aider/aider/coders/chat_chunks.py,chat_chunks.py,1981,1.93,64,52,2025-11-27T06:13:46.647350,97db6667f28099803928e0cac8211f08
GitHub,aider/aider/coders/udiff_coder.py,/Users/steven/GitHub/aider/aider/coders/udiff_coder.py,udiff_coder.py,11041,10.78,429,301,2025-11-27T06:13:46.654124,a18854254c1eb1f35ede1b4f90dd496e
GitHub,aider/aider/coders/base_prompts.py,/Users/steven/GitHub/aider/aider/coders/base_prompts.py,base_prompts.py,2384,2.33,60,43,2025-11-27T06:13:46.646076,70029bf63385242939cf77c6b312e51a
GitHub,aider/aider/coders/editblock_prompts.py,/Users/steven/GitHub/aider/aider/coders/editblock_prompts.py,editblock_prompts.py,5723,5.59,172,134,2025-11-27T06:13:46.650055,f2f23a519b349ffababb70a29a8c0fe5
GitHub,aider/aider/coders/editor_diff_fenced_coder.py,/Users/steven/GitHub/aider/aider/coders/editor_diff_fenced_coder.py,editor_diff_fenced_coder.py,338,0.33,9,6,2025-11-27T06:13:46.650216,6f06610449821771025084715d6cbdb1
GitHub,aider/aider/coders/patch_coder.py,/Users/steven/GitHub/aider/aider/coders/patch_coder.py,patch_coder.py,30288,29.58,706,498,2025-11-27T06:13:46.652508,359a81c53e50c5bedfb627b065e3240d
GitHub,aider/aider/coders/editblock_coder.py,/Users/steven/GitHub/aider/aider/coders/editblock_coder.py,editblock_coder.py,19616,19.16,657,454,2025-11-27T06:13:46.648407,888c5f406ef577fc8427272a8bd8cbda
GitHub,aider/aider/coders/editor_whole_coder.py,/Users/steven/GitHub/aider/aider/coders/editor_whole_coder.py,editor_whole_coder.py,301,0.29,8,6,2025-11-27T06:13:46.651430,5fa82bd66bdf4fb411c476a7333ad33e
GitHub,aider/aider/resources/__init__.py,/Users/steven/GitHub/aider/aider/resources/__init__.py,__init__.py,142,0.14,3,0,2025-11-27T06:13:46.675788,c9f67153ae8f5b30dab2a8a304bd518c
GitHub,aider/tests/basic/test_voice.py,/Users/steven/GitHub/aider/tests/basic/test_voice.py,test_voice.py,3243,3.17,103,73,2025-11-27T06:13:47.073979,c8df61d669a7ff347f32705ac9198c01
GitHub,aider/tests/basic/test_reasoning.py,/Users/steven/GitHub/aider/tests/basic/test_reasoning.py,test_reasoning.py,26048,25.44,609,362,2025-11-27T06:13:47.070477,f38582ac9b978a08aa01323900e427c7
GitHub,aider/tests/basic/test_repomap.py,/Users/steven/GitHub/aider/tests/basic/test_repomap.py,test_repomap.py,18725,18.29,507,348,2025-11-27T06:13:47.070967,69e38fc89cb408fbd186413e25d82f24
GitHub,aider/tests/basic/test_aws_credentials.py,/Users/steven/GitHub/aider/tests/basic/test_aws_credentials.py,test_aws_credentials.py,6956,6.79,169,95,2025-11-27T06:13:47.064838,be1ed20d43630c38560722693b2547b5
GitHub,aider/tests/basic/test_watch.py,/Users/steven/GitHub/aider/tests/basic/test_watch.py,test_watch.py,5991,5.85,166,120,2025-11-27T06:13:47.074352,2486950a4f6f2fa559fa6fd6d1eedc6d
GitHub,aider/tests/basic/test_editor.py,/Users/steven/GitHub/aider/tests/basic/test_editor.py,test_editor.py,5103,4.98,159,101,2025-11-27T06:13:47.066643,8df46ca79b7020c54a57100080ac61b0
GitHub,aider/tests/basic/test_find_or_blocks.py,/Users/steven/GitHub/aider/tests/basic/test_find_or_blocks.py,test_find_or_blocks.py,3915,3.82,115,76,2025-11-27T06:13:47.067220,c7a0122deb95e3e71674961f82d4caa5
GitHub,aider/tests/basic/test_editblock.py,/Users/steven/GitHub/aider/tests/basic/test_editblock.py,test_editblock.py,17579,17.17,618,465,2025-11-27T06:13:47.066409,bf7ebda472863d99b550c72f99458912
GitHub,aider/tests/basic/test_exceptions.py,/Users/steven/GitHub/aider/tests/basic/test_exceptions.py,test_exceptions.py,2645,2.58,84,61,2025-11-27T06:13:47.067015,12713afa64c65584a154d83d8be1ad6c
GitHub,aider/tests/basic/test_linter.py,/Users/steven/GitHub/aider/tests/basic/test_linter.py,test_linter.py,3063,2.99,84,61,2025-11-27T06:13:47.068013,af4f63fc5fac77e8235cc2218c389582
GitHub,aider/tests/basic/__init__.py,/Users/steven/GitHub/aider/tests/basic/__init__.py,__init__.py,0,0.0,0,0,2025-11-27T06:13:47.063957,d41d8cd98f00b204e9800998ecf8427e
GitHub,aider/tests/basic/test_analytics.py,/Users/steven/GitHub/aider/tests/basic/test_analytics.py,test_analytics.py,4440,4.34,136,91,2025-11-27T06:13:47.064326,dcf20e9483c5e2914784b2ce26007e58
GitHub,aider/tests/basic/test_model_info_manager.py,/Users/steven/GitHub/aider/tests/basic/test_model_info_manager.py,test_model_info_manager.py,3173,3.1,80,50,2025-11-27T06:13:47.069339,e86991309c27b3c9a7a0d05c63e2b1f4
GitHub,aider/tests/basic/test_io.py,/Users/steven/GitHub/aider/tests/basic/test_io.py,test_io.py,24607,24.03,610,417,2025-11-27T06:13:47.067608,c5a046b79983ce554b68943404825e78
GitHub,aider/tests/basic/test_sendchat.py,/Users/steven/GitHub/aider/tests/basic/test_sendchat.py,test_sendchat.py,6178,6.03,171,130,2025-11-27T06:13:47.072135,efb6c0fb7cecd673f6f4ac5823b541a6
GitHub,aider/tests/basic/test_deprecated.py,/Users/steven/GitHub/aider/tests/basic/test_deprecated.py,test_deprecated.py,5200,5.08,140,104,2025-11-27T06:13:47.066229,d0cddd4cd68d8654f7607a4af0c1458a
GitHub,aider/tests/basic/test_ssl_verification.py,/Users/steven/GitHub/aider/tests/basic/test_ssl_verification.py,test_ssl_verification.py,3250,3.17,84,58,2025-11-27T06:13:47.072983,029a13848c3e8c6c9e93b5f87e61ab53
GitHub,aider/tests/basic/test_onboarding.py,/Users/steven/GitHub/aider/tests/basic/test_onboarding.py,test_onboarding.py,19872,19.41,437,354,2025-11-27T06:13:47.070151,b615018deacfca5ee92895abe3781d22
GitHub,aider/tests/basic/test_repo.py,/Users/steven/GitHub/aider/tests/basic/test_repo.py,test_repo.py,29480,28.79,716,479,2025-11-27T06:13:47.070717,b3ad2c86edd30b7a8b0116f146f6eeb6
GitHub,aider/tests/basic/test_openrouter.py,/Users/steven/GitHub/aider/tests/basic/test_openrouter.py,test_openrouter.py,2338,2.28,73,54,2025-11-27T06:13:47.070307,a3f7df299d927d2da4d2d2994ae1c44c
GitHub,aider/tests/basic/test_commands.py,/Users/steven/GitHub/aider/tests/basic/test_commands.py,test_commands.py,90104,87.99,2226,1431,2025-11-27T06:13:47.066019,f6c6bba8d6866a9f58f51b705bc7749c
GitHub,aider/tests/basic/test_models.py,/Users/steven/GitHub/aider/tests/basic/test_models.py,test_models.py,20581,20.1,563,392,2025-11-27T06:13:47.069897,f0cf93f3e279efc672e542f6a53054bb
GitHub,aider/tests/basic/test_run_cmd.py,/Users/steven/GitHub/aider/tests/basic/test_run_cmd.py,test_run_cmd.py,238,0.23,11,7,2025-11-27T06:13:47.071168,90088353e049f8648e05fb885510a42b
GitHub,aider/tests/basic/test_special.py,/Users/steven/GitHub/aider/tests/basic/test_special.py,test_special.py,1937,1.89,76,55,2025-11-27T06:13:47.072603,7545af8170e828db118c5eea7aafa521
GitHub,aider/tests/basic/test_history.py,/Users/steven/GitHub/aider/tests/basic/test_history.py,test_history.py,4349,4.25,120,98,2025-11-27T06:13:47.067421,23820c64843d14363f631a5bc2ccc533
GitHub,aider/tests/basic/test_main.py,/Users/steven/GitHub/aider/tests/basic/test_main.py,test_main.py,62437,60.97,1483,1132,2025-11-27T06:13:47.068986,a61ea3d30f905c76e7ba09ab6d0f8741
GitHub,aider/tests/basic/test_urls.py,/Users/steven/GitHub/aider/tests/basic/test_urls.py,test_urls.py,410,0.4,15,12,2025-11-27T06:13:47.073777,01ab8a27541cf6cc1f499f58c50a4402
GitHub,aider/tests/basic/test_scripting.py,/Users/steven/GitHub/aider/tests/basic/test_scripting.py,test_scripting.py,1335,1.3,39,27,2025-11-27T06:13:47.071924,108fda1f9b0c5f585f7c9589b34c8bea
GitHub,aider/tests/basic/test_udiff.py,/Users/steven/GitHub/aider/tests/basic/test_udiff.py,test_udiff.py,3170,3.1,119,96,2025-11-27T06:13:47.073392,f6be097a4163dfd772d841120453bacf
GitHub,aider/tests/basic/test_coder.py,/Users/steven/GitHub/aider/tests/basic/test_coder.py,test_coder.py,55504,54.2,1438,965,2025-11-27T06:13:47.065598,f96881d4888477f94ff89c0f092368c6
GitHub,aider/tests/basic/test_wholefile.py,/Users/steven/GitHub/aider/tests/basic/test_wholefile.py,test_wholefile.py,12313,12.02,359,215,2025-11-27T06:13:47.074775,8d2d6024a5409af4620d7f480d6a1ce4
GitHub,aider/tests/basic/test_sanity_check_repo.py,/Users/steven/GitHub/aider/tests/basic/test_sanity_check_repo.py,test_sanity_check_repo.py,5890,5.75,184,116,2025-11-27T06:13:47.071478,845148c66f74cb9dae2d2cdc63bc449c
GitHub,aider/tests/scrape/test_scrape.py,/Users/steven/GitHub/aider/tests/scrape/test_scrape.py,test_scrape.py,6426,6.28,175,96,2025-11-27T06:13:47.102045,5f8c949c37e059407262f485dd0a3930
GitHub,aider/tests/scrape/test_playwright_disable.py,/Users/steven/GitHub/aider/tests/scrape/test_playwright_disable.py,test_playwright_disable.py,4209,4.11,139,91,2025-11-27T06:13:47.101797,6d08b0679de2a1a53349ad8271d0aecd
GitHub,aider/tests/browser/test_browser.py,/Users/steven/GitHub/aider/tests/browser/test_browser.py,test_browser.py,895,0.87,34,20,2025-11-27T06:13:47.075024,4be4c3b9940da469af5f73add7b78312
GitHub,aider/tests/fixtures/watch.py,/Users/steven/GitHub/aider/tests/fixtures/watch.py,watch.py,368,0.36,21,2,2025-11-27T06:13:47.100778,66bc90811d0341a4804710760b167583
GitHub,aider/tests/help/test_help.py,/Users/steven/GitHub/aider/tests/help/test_help.py,test_help.py,5286,5.16,147,105,2025-11-27T06:13:47.101224,d54a3ad7d25cfc0b6914d726e139ed0f
GitHub,aider/tests/fixtures/sample-code-base/sample.py,/Users/steven/GitHub/aider/tests/fixtures/sample-code-base/sample.py,sample.py,1722,1.68,68,47,2025-11-27T06:13:47.100116,ea2e72b049c8110614a03ff056c473e3
GitHub,aider/tests/fixtures/languages/python/test.py,/Users/steven/GitHub/aider/tests/fixtures/languages/python/test.py,test.py,680,0.66,28,18,2025-11-27T06:13:47.097512,329246bc1760d63eec9b386d1b29150f
GitHub,mkdocs-material/material/__init__.py,/Users/steven/GitHub/mkdocs-material/material/__init__.py,__init__.py,1148,1.12,21,1,2025-11-29T07:58:53.676071,b9fc4b58b89852b8e0ce1619cb24ffec
GitHub,mkdocs-material/src/__init__.py,/Users/steven/GitHub/mkdocs-material/src/__init__.py,__init__.py,1155,1.13,21,1,2025-11-29T07:58:55.947904,996a63be5048b4d2b37f4b615ab4beee
GitHub,mkdocs-material/includes/debug/cairo-lookup-windows.py,/Users/steven/GitHub/mkdocs-material/includes/debug/cairo-lookup-windows.py,cairo-lookup-windows.py,884,0.86,31,26,2025-11-29T07:58:53.675610,4788b847efd0377614829d8ef75acfdf
GitHub,mkdocs-material/includes/debug/cairo-lookup-macos.py,/Users/steven/GitHub/mkdocs-material/includes/debug/cairo-lookup-macos.py,cairo-lookup-macos.py,1303,1.27,49,42,2025-11-29T07:58:53.675420,35d0cca17f7a8dc12e95536f5ab332c9
GitHub,mkdocs-material/includes/debug/cairo-lookup-linux.py,/Users/steven/GitHub/mkdocs-material/includes/debug/cairo-lookup-linux.py,cairo-lookup-linux.py,3491,3.41,111,93,2025-11-29T07:58:53.675229,6e9ef462e6c91c82c5b4894a4fb33922
GitHub,mkdocs-material/material/extensions/preview.py,/Users/steven/GitHub/mkdocs-material/material/extensions/preview.py,preview.py,8285,8.09,223,126,2025-11-29T07:58:53.676615,e6ce6b27e3d70609f82162b554ddd77d
GitHub,mkdocs-material/material/extensions/emoji.py,/Users/steven/GitHub/mkdocs-material/material/extensions/emoji.py,emoji.py,3612,3.53,97,47,2025-11-29T07:58:53.676430,533fa92027c08a432385f0eeb8e9f4f8
GitHub,mkdocs-material/material/extensions/__init__.py,/Users/steven/GitHub/mkdocs-material/material/extensions/__init__.py,__init__.py,1125,1.1,19,0,2025-11-29T07:58:53.676308,7d8a736a37bf2a6ec5bd27c75f9b6a87
GitHub,mkdocs-material/material/overrides/hooks/translations.py,/Users/steven/GitHub/mkdocs-material/material/overrides/hooks/translations.py,translations.py,6234,6.09,197,143,2025-11-29T07:58:53.684041,9d69dbc124beb1538f4487fed76be7c5
GitHub,mkdocs-material/material/overrides/hooks/shortcodes.py,/Users/steven/GitHub/mkdocs-material/material/overrides/hooks/shortcodes.py,shortcodes.py,11290,11.03,294,196,2025-11-29T07:58:53.683654,2fde7ba1932f88111fa4ab95ef7b64b7
GitHub,mkdocs-material/material/plugins/privacy/config.py,/Users/steven/GitHub/mkdocs-material/material/plugins/privacy/config.py,config.py,3227,3.15,78,35,2025-11-29T07:58:53.691399,4f402090642fda617e80793ca9d060f0
GitHub,mkdocs-material/material/plugins/privacy/parser.py,/Users/steven/GitHub/mkdocs-material/material/plugins/privacy/parser.py,parser.py,1955,1.91,41,8,2025-11-29T07:58:53.691513,41c4ff34f4f56fd28f80425b9c4303b4
GitHub,mkdocs-material/material/plugins/privacy/plugin.py,/Users/steven/GitHub/mkdocs-material/material/plugins/privacy/plugin.py,plugin.py,28027,27.37,673,366,2025-11-29T07:58:53.691698,a5591ba0fc3854d7179c5b12e50861da
GitHub,mkdocs-material/material/plugins/optimize/config.py,/Users/steven/GitHub/mkdocs-material/material/plugins/optimize/config.py,config.py,2326,2.27,52,19,2025-11-29T07:58:53.690786,c93653904b29cd56c91439d8689c9d10
GitHub,mkdocs-material/material/plugins/optimize/plugin.py,/Users/steven/GitHub/mkdocs-material/material/plugins/optimize/plugin.py,plugin.py,14983,14.63,388,203,2025-11-29T07:58:53.691095,7c2fafeb8fd8844db0388f6429cfacca
GitHub,mkdocs-material/material/plugins/group/config.py,/Users/steven/GitHub/mkdocs-material/material/plugins/group/config.py,config.py,1513,1.48,31,5,2025-11-29T07:58:53.687891,9b7034f0be29c25b987b4d14e5a920e6
GitHub,mkdocs-material/material/plugins/group/plugin.py,/Users/steven/GitHub/mkdocs-material/material/plugins/group/plugin.py,plugin.py,7109,6.94,161,63,2025-11-29T07:58:53.688130,b1ecf926cc6ded9c1befb1ba90d824d4
GitHub,mkdocs-material/material/plugins/projects/config.py,/Users/steven/GitHub/mkdocs-material/material/plugins/projects/config.py,config.py,2480,2.42,64,23,2025-11-29T07:58:53.692706,b77d4d42c4ae2aefe990846a12cd53ee
GitHub,mkdocs-material/material/plugins/projects/plugin.py,/Users/steven/GitHub/mkdocs-material/material/plugins/projects/plugin.py,plugin.py,12024,11.74,292,152,2025-11-29T07:58:53.692917,3f21047a8d370466403d2534f0fd87ca
GitHub,mkdocs-material/material/plugins/meta/config.py,/Users/steven/GitHub/mkdocs-material/material/plugins/meta/config.py,config.py,1557,1.52,33,5,2025-11-29T07:58:53.689478,c11c961f23299b621670c091a823835e
GitHub,mkdocs-material/material/plugins/meta/plugin.py,/Users/steven/GitHub/mkdocs-material/material/plugins/meta/plugin.py,plugin.py,5067,4.95,122,52,2025-11-29T07:58:53.689780,2225f0108b1c844b3c118648d74690ee
GitHub,mkdocs-material/material/plugins/blog/config.py,/Users/steven/GitHub/mkdocs-material/material/plugins/blog/config.py,config.py,4698,4.59,102,59,2025-11-29T07:58:53.685285,0761c12732a7f6ae3387800cfe5b5a2c
GitHub,mkdocs-material/material/plugins/blog/author.py,/Users/steven/GitHub/mkdocs-material/material/plugins/blog/author.py,author.py,1754,1.71,40,10,2025-11-29T07:58:53.685057,a940287851216adcc3d460a6f46f5646
GitHub,mkdocs-material/material/plugins/blog/__init__.py,/Users/steven/GitHub/mkdocs-material/material/plugins/blog/__init__.py,__init__.py,1485,1.45,33,5,2025-11-29T07:58:53.684838,dcd9567d0599fd5eec9cefc642b78716
GitHub,mkdocs-material/material/plugins/blog/plugin.py,/Users/steven/GitHub/mkdocs-material/material/plugins/blog/plugin.py,plugin.py,45378,44.31,1083,576,2025-11-29T07:58:53.685631,f79845cf8b8182a1cd2b652eb8c96df2
GitHub,mkdocs-material/material/plugins/tags/config.py,/Users/steven/GitHub/mkdocs-material/material/plugins/tags/config.py,config.py,3859,3.77,88,49,2025-11-29T07:58:53.695953,fca42b6011e5b205409aa2d83280ef61
GitHub,mkdocs-material/material/plugins/tags/__init__.py,/Users/steven/GitHub/mkdocs-material/material/plugins/tags/__init__.py,__init__.py,1989,1.94,46,10,2025-11-29T07:58:53.695822,6b5d74e9bdf19a90557026e597d36fe9
GitHub,mkdocs-material/material/plugins/tags/plugin.py,/Users/steven/GitHub/mkdocs-material/material/plugins/tags/plugin.py,plugin.py,10602,10.35,313,189,2025-11-29T07:58:53.696134,af3646dea305623bc48810a463087538
GitHub,mkdocs-material/material/plugins/search/config.py,/Users/steven/GitHub/mkdocs-material/material/plugins/search/config.py,config.py,2524,2.46,63,23,2025-11-29T07:58:53.693491,a14e8775556e48eee984ac7fb4dafb0a
GitHub,mkdocs-material/material/plugins/search/plugin.py,/Users/steven/GitHub/mkdocs-material/material/plugins/search/plugin.py,plugin.py,20512,20.03,594,339,2025-11-29T07:58:53.693651,f1bb119d6cf0986e5b2b2331a634f32b
GitHub,mkdocs-material/material/plugins/info/config.py,/Users/steven/GitHub/mkdocs-material/material/plugins/info/config.py,config.py,1656,1.62,35,7,2025-11-29T07:58:53.688594,2ca3c964bb9e58d32165cee07de1e87f
GitHub,mkdocs-material/material/plugins/info/patterns.py,/Users/steven/GitHub/mkdocs-material/material/plugins/info/patterns.py,patterns.py,1073,1.05,27,22,2025-11-29T07:58:53.688778,8fa21fddea186999cede0e2656d36215
GitHub,mkdocs-material/material/plugins/info/plugin.py,/Users/steven/GitHub/mkdocs-material/material/plugins/info/plugin.py,plugin.py,23793,23.24,563,326,2025-11-29T07:58:53.689028,b6dbf789b2e933068f34309223893bdf
GitHub,mkdocs-material/material/plugins/social/config.py,/Users/steven/GitHub/mkdocs-material/material/plugins/social/config.py,config.py,2845,2.78,68,31,2025-11-29T07:58:53.693966,1f7037d2fba06000b68dba19b71b967f
GitHub,mkdocs-material/material/plugins/social/layout.py,/Users/steven/GitHub/mkdocs-material/material/plugins/social/layout.py,layout.py,5020,4.9,153,72,2025-11-29T07:58:53.694099,d3576dffb17345b7a4d113824e80a553
GitHub,mkdocs-material/material/plugins/social/plugin.py,/Users/steven/GitHub/mkdocs-material/material/plugins/social/plugin.py,plugin.py,46666,45.57,1125,577,2025-11-29T07:58:53.694337,2d96dab712ef266a7a02c4bacde3ee2d
GitHub,mkdocs-material/material/plugins/typeset/config.py,/Users/steven/GitHub/mkdocs-material/material/plugins/typeset/config.py,config.py,1483,1.45,30,4,2025-11-29T07:58:53.698917,e3716cf6e82812203b589553fcac9c6c
GitHub,mkdocs-material/material/plugins/typeset/plugin.py,/Users/steven/GitHub/mkdocs-material/material/plugins/typeset/plugin.py,plugin.py,4955,4.84,123,46,2025-11-29T07:58:53.699068,7c9fbb7642f17f238b82793b54e097e5
GitHub,mkdocs-material/material/plugins/offline/config.py,/Users/steven/GitHub/mkdocs-material/material/plugins/offline/config.py,config.py,1483,1.45,30,4,2025-11-29T07:58:53.690244,5648a1bbd49f37ebef2ea609494c8eae
GitHub,mkdocs-material/material/plugins/offline/plugin.py,/Users/steven/GitHub/mkdocs-material/material/plugins/offline/plugin.py,plugin.py,2884,2.82,69,25,2025-11-29T07:58:53.690450,64a15f835c3d2107cfa28bc899def561
GitHub,mkdocs-material/material/plugins/projects/builder/log.py,/Users/steven/GitHub/mkdocs-material/material/plugins/projects/builder/log.py,log.py,4033,3.94,100,36,2025-11-29T07:58:53.692258,48da84414419a9e0155199914d5c9fce
GitHub,mkdocs-material/material/plugins/projects/builder/__init__.py,/Users/steven/GitHub/mkdocs-material/material/plugins/projects/builder/__init__.py,__init__.py,13007,12.7,320,159,2025-11-29T07:58:53.692130,350e90feae30cc4c02904e2269e766ae
GitHub,mkdocs-material/material/plugins/projects/structure/__init__.py,/Users/steven/GitHub/mkdocs-material/material/plugins/projects/structure/__init__.py,__init__.py,10645,10.4,241,96,2025-11-29T07:58:53.693198,0b4c45a4c9334c617f38133f615bce25
GitHub,mkdocs-material/material/plugins/projects/builder/watcher/handler.py,/Users/steven/GitHub/mkdocs-material/material/plugins/projects/builder/watcher/handler.py,handler.py,3874,3.78,105,37,2025-11-29T07:58:53.692561,77e89feac4bba1dfda0f44b6e7b64408
GitHub,mkdocs-material/material/plugins/projects/builder/watcher/__init__.py,/Users/steven/GitHub/mkdocs-material/material/plugins/projects/builder/watcher/__init__.py,__init__.py,3883,3.79,98,37,2025-11-29T07:58:53.692433,8a7d2eaca6a2312d19dfc88e93b5929b
GitHub,mkdocs-material/material/plugins/blog/readtime/__init__.py,/Users/steven/GitHub/mkdocs-material/material/plugins/blog/readtime/__init__.py,__init__.py,2168,2.12,51,14,2025-11-29T07:58:53.686102,e94126727ae38917ef1c58abe986838f
